2178 3404
574 154 610 187 C.
662 153 731 185 Die
760 151 1091 191 Verliamllungou
1119 161 1193 183 von
1223 150 1454 192 I'erpiguan.
1811 140 1889 180 501

128 277 265 305 unum
290 263 472 314 quidem
498 262 743 302 articulum
770 273 849 311 per
872 272 956 299 nos
983 259 1230 309 levissime,
1255 260 1301 299 ut
1330 258 1500 307 retulit„
1536 257 1895 298 concedendum.

127 335 315 383 clarum5
350 335 561 383 apertum
609 335 656 372 et
702 332 887 382 planum
932 330 1210 379 conciperet,
1253 330 1297 368 in
1343 341 1431 379 quo
1477 329 1648 369 nullum
1695 328 1896 374 dubium,

127 405 392 454 ambiguum
435 403 505 443 vel
550 403 798 443 obscurum
843 400 1029 441 deberet
1075 400 1316 450 contineri,
1352 400 1431 450 sic,
1466 400 1587 449 quod
1629 399 1753 440 dicto
1800 399 1895 438 XV.

126 475 197 516 die
236 474 373 515 nichil
420 475 704 524 superesset,
739 472 844 522 quin
896 471 1155 512 cessionem
1204 470 1374 511 adtunc
1421 470 1595 511 faceret
1640 470 1895 510 indilatam.

126 545 184 586 Et
217 545 323 596 quia
356 544 476 584 infra
524 544 785 594 predictum
821 542 917 582 XV.
952 541 1072 581 diem
1117 553 1196 580 rex
1232 538 1547 581 Romanorum
1592 543 1638 581 et
1682 540 1755 580 alii
1798 553 1897 590 pre-

125 616 274 656 fatum
309 614 555 655 articulum
590 613 785 653 libenter
807 612 1083 652 habuissent
1116 623 1198 661 pro
1233 611 1529 661 expedicione
1553 611 1756 651 eiusdem
1790 613 1898 651 ante

127 686 260 737 diem,
294 697 350 725 ne
384 697 438 726 eo
474 685 686 725 veniente
720 683 1078 734 protraheretur
1117 682 1282 732 cessio,
1317 681 1528 731 quibus²²)
1563 682 1713 722 dictus
1750 682 1794 722 P.
1830 694 1897 722 re-

127 755 402 807 spondebat,
437 755 558 806 quod
593 767 674 805 pro
709 754 902 804 singulis
936 753 1077 803 horis7
1111 751 1276 803 quibus
1310 764 1469 792 eorum
1500 753 1744 793 instanciis
1779 752 1898 793 infra

126 828 299 868 dictum
355 826 603 867 terminum
657 825 799 865 fuerit
852 826 1110 873 occupatus
1159 834 1299 863 unum
1346 822 1464 862 diem
1512 823 1744 873 integrum
1792 826 1897 873 post

126 898 306 948 lapsum
353 897 464 937 dicti
509 896 694 937 termini
743 895 1007 945 resarciret,
1059 894 1193 944 quod,
1244 893 1281 933 si
1331 894 1526 933 materie
1575 893 1897 934 difficultatem

126 967 443 1019 prescivisset,
477 966 551 1008 ubi
587 966 865 1017 quindenam
900 965 1039 1016 peciit
1068 976 1151 1015 pro
1185 975 1426 1014 responso,
1463 975 1632 1004 annum
1667 964 1899 1014 integrum

125 1039 390 1080 habuisset:
415 1038 571 1089 sicque
591 1039 698 1088 post
717 1037 870 1087 plures
890 1035 1347 1087 procrastinaciones
1368 1047 1421 1075 ac
1442 1035 1621 1075 colores
1641 1035 1900 1085 exquisitos

129 1122 155 1150 a
187 1109 304 1149 XIX.
340 1108 626 1160 Septembris
661 1119 806 1158 usque
840 1108 897 1147 ad
931 1106 1026 1147 XV.
1056 1105 1273 1147 Octobris
1308 1106 1546 1156 sequentis
1580 1117 1663 1156 pro
1688 1106 1900 1147 cessione

128 1180 340 1222 facienda
373 1180 501 1230 ipsos
536 1191 616 1229 per
648 1190 771 1219 vana
804 1179 951 1218 traxit
984 1189 1064 1228 per
1097 1177 1343 1227 promissa.

247 1251 294 1290 In
340 1262 429 1301 quo
472 1250 654 1300 quidem
697 1250 768 1289 die
811 1249 906 1289 XV.
942 1248 1173 1299 quandam
1217 1248 1283 1287 eis
1327 1247 1534 1298 porrexit
1579 1247 1788 1287 cedulam
1835 1247 1900 1287 in-

129 1323 399 1373 cipientem:
435 1322 561 1373 7Cum
596 1333 676 1371 per
710 1320 1059 1360 serenissimum
1095 1315 1236 1369 etc.'·¹)
1299 1320 1395 1368 Que
1429 1318 1611 1368 quidem
1637 1318 1899 1358 cedula...

127 1393 283 1434 fructu
315 1392 436 1433 bono
470 1392 637 1432 nedum
673 1402 822 1431 vacua
857 1390 1075 1441 cernitur,
1110 1390 1217 1440 quin
1252 1390 1406 1429 verius
1442 1389 1498 1429 ad
1528 1389 1678 1429 instar
1703 1389 1899 1439 sepulcri

128 1463 330 1504 dealbati
348 1459 380 1514 ⁴²)
414 1463 684 1504 antracibus
719 1464 793 1503 est
827 1462 1017 1512 repleta.
1083 1461 1147 1501 Ne
1182 1461 1261 1501 tali
1296 1460 1437 1510 igilur
1460 1460 1698 1501 dulcedine
1722 1471 1900 1500 veneno

128 1535 307 1585 repleta
341 1546 512 1584 auceps
546 1534 618 1574 ille
651 1533 792 1574 fallax
827 1533 1022 1583 decipiat
1073 1533 1360 1583 innocentes⁷
1397 1531 1539 1581 ipsius
1586 1531 1785 1571 latencia
1832 1542 1900 1570 re-

129 1605 303 1646 sarcire
336 1617 529 1645 necesse
575 1607 671 1655 est3
714 1604 861 1654 primo
896 1604 1016 1644 euim
1064 1603 1147 1643 hec
1191 1602 1353 1643 cedula
1395 1602 1550 1642 dolum
1594 1602 1740 1652 ipsius
1776 1602 1820 1641 l'.
1855 1604 1902 1641 et

128 1676 340 1717 fraudem
389 1676 598 1716 continet
643 1675 958 1715 manifestam.
1024 1674 1138 1714 Nam
1183 1673 1396 1724 promisit
1442 1673 1536 1723 regi
1572 1660 1906 1721 Romanorulm

130 1747 263 1797 quod,
298 1759 435 1798 quam
471 1747 563 1787 cito
598 1746 655 1786 ad
688 1747 837 1796 ipsum
876 1746 1068 1796 veniret,
1103 1745 1317 1785 unionem
1353 1745 1640 1794 reportaret;
1680 1755 1768 1793 quo
1803 1754 1901 1793 per-

130 1818 329 1858 sistente
352 1829 433 1868 per
466 1818 741 1868 quindenam
768 1818 866 1857 sine
901 1816 1054 1857 fructu
1081 1816 1216 1856 aliam
1247 1815 1524 1866 quindenam
1548 1814 1667 1854 idem
1694 1813 1739 1853 l'.
1764 1813 1903 1863 peciit

128 1900 209 1939 pro
244 1900 484 1939 responso,
531 1888 688 1929 dicens
734 1890 913 1939 postea,
961 1887 1094 1938 quod,
1141 1887 1178 1926 si
1226 1898 1415 1927 causam
1464 1884 1755 1925 difficultatis
1802 1896 1900 1934 pre-

129 1960 351 2000 scivisset
384 1959 592 2010 materie7
629 1971 797 1999 annum
834 1959 1094 2009 petivisset.
1161 1957 1250 1998 Sed
1284 1960 1382 1997 tum
1416 1956 1535 1996 hanc
1560 1955 1770 1997 cedulam
1795 1967 1901 1995 con-

129 2031 278 2080 cipere
312 2030 449 2071 scivit
495 2032 543 2070 et
577 2030 729 2080 potuit
773 2042 863 2069 una
910 2029 1038 2079 hora7
1088 2040 1169 2079 pro
1217 2039 1306 2078 qua
1355 2027 1440 2068 sibi
1488 2027 1655 2067 nedum
1706 2026 1899 2066 duorum

129 2101 355 2142 mensium
404 2101 626 2152 spacium,
676 2102 750 2141 set
794 2100 914 2140 XXll
964 2111 1190 2140 annorum
1238 2098 1537 2139 frustratorie
1584 2097 1901 2138 cummulavil.

130 2172 350 2213 Promisit
395 2172 583 2222 insuper
632 2171 840 2212 cedulam
895 2171 1152 2221 prodictam
1206 2170 1316 2210 dare
1364 2169 1546 2219 planam
1597 2170 1644 2208 et
1691 2170 1900 2218 apertam

131 2244 305 2294 absque
340 2243 476 2284 dubio
512 2243 580 2284 vel
607 2243 820 2283 obscuro.
876 2242 940 2282 De
975 2242 1104 2283 cuius
1129 2241 1364 2282 contrario
1389 2253 1445 2280 ex
1470 2240 1539 2280 sui
1566 2243 1727 2279 tenore
1760 2239 1902 2288 liquet

130 2314 392 2365 manifeste⁷
426 2314 513 2354 nisi
547 2325 682 2354 suum
716 2314 998 2364 promissum
1035 2314 1101 2353 sic
1126 2312 1368 2362 intelligat,
1393 2312 1530 2361 prout
1553 2310 1902 2359 intelligeretur.

130 2385 251 2435 quod
285 2385 409 2426 dicta
433 2385 594 2426 cedula
619 2385 807 2430 claram.
842 2385 1025 2434 planam
1052 2386 1099 2424 et
1123 2385 1332 2433 apertam
1366 2382 1610 2421 dilatatam
1644 2381 1900 2421 contineret

131 2456 376 2496 materiam
412 2457 458 2495 ct
493 2456 731 2496 scismatis
765 2455 1040 2495 nutritivam
1078 2486 1084 2494 .
1121 2485 1128 2493 .
1166 2486 1173 2494 .

252 2526 494 2566 Postremo
528 2537 668 2575 super
701 2525 910 2575 practica
943 2525 1077 2565 huius
1113 2524 1269 2565 cedule
1298 2523 1503 2574 pessime
1539 2523 1646 2562 licet
1680 2524 1902 2571 concepte

132 2598 288 2636 certas
323 2607 550 2646 personas
584 2608 665 2646 per
697 2608 851 2645 regem
890 2595 1204 2636 Romanorum
1241 2606 1438 2634 unacum
1481 2594 1581 2634 aliis
1628 2605 1707 2644 per
1752 2593 1899 2642 ipsum

131 2667 407 2717 deputandis
452 2667 590 2716 peciit
636 2667 880 2717 assignari.
944 2666 1040 2706 Rex
1084 2678 1194 2707 vero
1239 2666 1554 2706 Romanorum
1602 2664 1748 2704 eidem
1796 2675 1902 2703 con-

133 2738 313 2788 placere
337 2737 498 2778 volens
532 2749 614 2787 pro
647 2737 835 2786 viribus,
871 2737 1167 2788 ingrediendo
1202 2737 1456 2787 practicam
1492 2737 1613 2776 dicte
1649 2735 1805 2775 cedule
1846 2734 1900 2773 Vl

132 2803 415 2859 personas¹')‚
450 2809 569 2849 inter
602 2820 717 2859 quos
753 2808 923 2849 adtunc
959 2807 1152 2859 fueram,
1187 2820 1272 2859 que
1307 2820 1408 2849 cum
1446 2808 1640 2848 totidem
1675 2819 1730 2847 ex
1771 2808 1903 2857 parte

250 2945 282 2977 a)
303 2944 345 2971 So
367 2945 421 2973 lls.
462 2945 493 2974 1))
516 2945 610 2973 Felzlt
642 2944 789 2973 Verbum.
811 2946 889 2971 oltra
912 2945 1003 2971 misit
1024 2945 1102 2973 oder
1121 2944 1306 2978 deputavit.

254 3005 278 3047 ¹)
309 3007 397 3041 Text
422 3007 557 3040 Hardt
582 3007 627 3040 II
649 3008 738 3047 4237,-
768 3007 902 3040 Mmzse?
930 3006 1086 3040 XXVII
1108 3007 1211 3040 1045.
1268 3006 1346 3048 Vql.
1374 3006 1446 3039 Ba.
1475 3005 1519 3038 ΙΙ
1540 3006 1619 3038 265.

252 3064 277 3101 Ι·”)
306 3066 442 3099 Mutila.
468 3068 523 3103 23,
550 3068 606 3098 37.
