2178 3404
532 157 709 191 Antwort
740 158 809 190 auf
833 156 893 190 die
922 156 1097 197 Angriffe
1125 157 1191 188 (les
1220 155 1356 188 Petrus
1385 155 1537 190 Paulus.
1834 148 1918 187 (3ss9

152 267 444 320 imperfecta.
510 267 567 307 Et
600 267 760 317 eciam,
796 267 832 305 si
880 266 970 306 ullo
1018 265 1154 305 modo
1201 265 1325 315 prius
1373 267 1591 305 constare
1636 265 1799 315 possit,
1846 267 1918 315 qui

153 342 313 380 essent
347 338 489 379 futuri
530 338 774 388 electores,
821 336 1100 376 resormacio
1148 336 1270 375 circa
1316 347 1397 375 eos
1443 338 1486 375 et
1536 337 1714 376 statum
1760 347 1919 375 eorum

149 410 421 451 redderetur
455 409 606 449 minus
640 408 797 448 libera.

271 480 538 531 Quicunque
586 480 778 529 propter
827 477 1129 518 ambicionem
1181 479 1381 527 papatus
1414 479 1509 517 ,ant
1553 489 1681 528 spem
1729 478 1922 518 alterius

153 551 323 602 proprii
371 550 601 591 commodi
652 551 733 589 aut
781 550 972 598 propter
1019 547 1313 590 desiderium.
1363 550 1407 587 ut
1463 550 1741 588 snccnratnr
1788 549 1922 589 alicui

155 622 392 673 provincie
426 621 498 661 vel
533 632 676 670 regno
710 620 920 669 graviter
952 629 1193 669 oppresso,
1228 620 1462 668 procurat,
1498 621 1545 658 ut
1589 631 1667 669 pre
1710 620 1923 660 omnibus

153 693 442 733 acceleretur
463 691 628 732 electio
649 690 816 730 snnnni
842 688 1087 740 pontificis,
1112 691 1158 729 nt
1186 688 1324 728 talem
1347 689 1403 728 ad
1427 692 1608 729 tantam
1631 702 1920 731 communem

152 764 420 813 utilitatem,
461 774 547 813 qne
581 774 636 802 ex
686 761 771 801 hac
822 760 1163 800 reformacione
1215 758 1373 799 sutura
1422 762 1653 811 speratur,
1703 762 1919 811 preelegit

151 835 240 874 illis
278 834 475 885 privatis
523 832 794 881 commodis,
843 843 929 882 que
974 832 1131 871 tamen
1177 831 1323 870 eciam
1371 831 1413 870 in
1461 843 1563 870 eum
1612 844 1788 883 casmn,
1836 844 1924 882 qno

155 914 273 956 papa
327 904 540 945 celeriter
583 903 846 953 eligeretur,
896 902 1074 941 incerta
1127 903 1250 951 sunt,
1300 913 1356 941 an
1407 902 1659 953 evenirent,
1716 904 1926 952 graviter

160 977 370 1026 peccant,
406 986 507 1016 cnm
543 974 807 1014 necessitas
842 973 1036 1024 quedam
1073 972 1282 1013 habende
1315 971 1684 1023 resormarionis,
1724 975 1771 1013 nt
1821 986 1927 1014 con-

154 1048 267 1097 stat,
302 1047 363 1087 sit
396 1046 682 1096 permaxime
716 1044 1000 1094 necessaria,
1035 1042 1237 1084 facultas
1272 1055 1382 1083 vero
1417 1044 1515 1083 eius
1540 1044 1814 1094 perficiende
1852 1046 1923 1085 vix

155 1129 356 1168 unquam
391 1117 480 1157 erit
512 1118 660 1167 tanta,
695 1118 871 1165 quanta
904 1127 1024 1155 nunc
1059 1117 1146 1164 est,
1181 1115 1396 1164 quoniam
1434 1126 1539 1154 raro
1581 1115 1649 1155 vel
1690 1127 1924 1166 nunquam

156 1188 276 1229 solet
309 1188 542 1228 existente
575 1187 776 1238 generali
812 1186 1005 1227 concilio
1041 1188 1327 1235 congregato
1362 1198 1531 1226 vacare
1569 1188 1783 1236 papatus.

274 1259 332 1299 Et
363 1259 449 1299 hoc
484 1270 588 1298 cum
621 1257 973 1308 protestacione
1007 1256 1178 1296 debita.
1244 1256 1411 1296 Petrus
1449 1254 1667 1307 l'aulusf‘)

155 1409 276 1465 (273)
304 1411 508 1453 Amworl
540 1412 633 1465 auf
660 1412 734 1453 die
765 1424 840 1452 (tm
875 1412 944 1451 22.
980 1410 1162 1463 Augus-t
1198 1410 1570 1463 rei-offenHiemem
1607 1409 1818 1463 Angyriffe
1851 1411 1930 1451 (les

305 1482 469 1524 Petrus·
502 1482 685 1524 Paulus
727 1495 866 1535 gyegsen
914 1482 987 1522 die
1031 1482 1244 1534 soforte'gye
1286 1480 1566 1532 Jr’apstwalel.
1632 1480 1767 1524 (7417
1809 1484 1927 1524 mich

305 1553 488 1607 August
519 1552 610 1604 22.)

275 1635 479 1678 Stuttyart,
508 1635 763 1673 Laudesbibl„
795 1636 878 1668 Lar.
905 1636 932 1678 f.
962 1635 1038 1667 177.

280 1708 350 1748 Ad
398 1709 669 1749 iniuriosam
720 1708 928 1749 cedulam
981 1707 1193 1756 magistri
1245 1707 1290 1747 P.
1342 1707 1467 1747 Pauli
1517 1707 1747 1748 (lominica
1795 1708 1930 1749 XXlI.

134 1770 337 1819 'mensis
371 1778 571 1829 Augusti
617 1779 659 1819 in
696 1779 845 1819 valvis
891 1778 1086 1819 ecclesie
1133 1778 1319 1818 affixam
1367 1778 1540 1828 patebit
1578 1779 1820 1828 responsio
1854 1792 1934 1829 per

159 1851 257 1889 tres
292 1849 614 1890 conclusiones
649 1850 943 1899 subscriptas
979 1849 1276 1899 responsales
1301 1849 1358 1888 ad
1387 1852 1484 1888 tres
1520 1850 1788 1899 questiones
1824 1853 1933 1890 tunc

158 1919 217 1960 ibi
251 1920 534 1971 propositas.

278 1997 413 2053 Necb)
444 2003 599 2043 divino
633 2015 716 2043 nec
751 2003 953 2043 humano
988 2003 1084 2042 inre
1118 2003 1476 2052 presumendum
1515 2004 1602 2053 est,
1637 2016 1792 2054 ymmo
1828 2016 1934 2044 con-

160 2073 355 2113 trarium
380 2073 577 2113 fideliter
611 2074 904 2118 credendum,
939 2073 1059 2123 qnod
1084 2073 1282 2113 ecclesia
1315 2073 1479 2113 melius
1516 2073 1758 2113 reformari
1786 2075 1927 2124 possit

161 2144 260 2183 sine
294 2145 578 2185 auctoritate
604 2156 741 2195 quam
767 2157 868 2185 cum
906 2144 1192 2184 anctoritate
1216 2144 1314 2183 veri
1346 2144 1513 2183 summi
1550 2144 1796 2195 pontificis,
1831 2158 1933 2185 cum

160 2226 252 2254 non
286 2215 347 2255 sit
382 2215 545 2266 aliquis
589 2215 868 2265 principalis,
905 2226 1022 2254 unns
1057 2217 1103 2254 et
1138 2226 1383 2264 supremus
1423 2215 1668 2265 presertim
1711 2216 1935 2256 secularis

161 2287 319 2326 rector
352 2288 395 2326 et
432 2286 635 2326 director
668 2286 864 2326 ecclesie
900 2298 1017 2335 papa
1052 2297 1142 2325 non
1177 2286 1424 2325 existente.

281 2367 360 2409 Cui
405 2369 691 2409 conclusioni
735 2368 933 2416 additur,
977 2368 1097 2418 quod
1141 2368 1404 2418 oppositum
1450 2368 1769 2417 dogmatizare
1812 2368 1935 2418 sapit

162 2438 413 2479 fautoriam
457 2439 661 2479 heretice
703 2439 914 2479 doctrine
949 2439 1165 2478 Iohannis
1200 2438 1323 2478 Huss
1366 2450 1447 2487 per
1480 2438 1565 2478 hoc
1607 2450 1791 2478 sacrum
1828 2450 1934 2478 con—

163 2509 315 2549 cilium
349 2510 614 2559 dampnate.

282 2579 454 2630 Quod‘)
478 2582 668 2630 propter
695 2580 835 2620 talem
862 2579 1262 2629 resormacitmem,
1288 2579 1572 2620 auctoritate
1597 2591 1713 2629 pape
1737 2579 1935 2629 seclusa,

136 2645 383 2700 impedire
417 2649 622 2691 suturam
657 2651 802 2701 ipsius
836 2650 1109 2693 electionem
1135 2653 1182 2690 et
1212 2650 1413 2690 debitam
1451 2650 1573 2690 circa
1607 2655 1721 2689 eam‘
1742 2650 1936 2700 provisi-

164 2733 313 2772 onem,
348 2721 388 2761 id
414 2723 487 2761 est
522 2722 793 2762 canonicam
823 2724 869 2761 et
904 2721 1181 2762 concordem
1217 2721 1574 2771 disposicionem
1611 2732 1750 2770 snper
1783 2720 1935 2771 modo,

164 2791 316 2833 forma
349 2794 397 2832 et
430 2794 640 2843 tempore
670 2793 792 2833 dicte
826 2792 1081 2843 electionis,
1115 2794 1188 2832 est
1223 2792 1444 2842 impedire
1478 2791 1672 2831 ecclesie
1706 2791 1935 2830 unionem.

285 2929 316 2961 a)
339 2929 387 2956 M.-
408 2929 597 2962 Explirinnt
621 2929 828 2963 questiones,
848 2929 1087 2962 responsiones
1104 2932 1132 2954 et
1159 2928 1340 2954 correlaria
1364 2936 1494 2953 annexa
1517 2927 1546 2952 in
1570 2926 1710 2952 concilio
1733 2926 1881 2959 generali
1905 2926 1935 2951 in

166 2974 218 3000 (lie
241 2983 265 3000 S.
286 2975 459 3001 Laurencii
488 2984 574 3001 anno
604 2976 637 3001 D.
666 2976 885 3003 Mt'Ft't'XVl
916 2985 973 3009 per
1003 2975 1319 3001 reverendissinlunl
1351 2976 1381 3000 et
1412 2975 1568 3000 eximium
1599 2974 1770 2999 doctorem
1800 2973 1935 3001 Petrum

168 3021 308 3047 Paulum
329 3023 392 3053 (Mz
415 3022 505 3048 l‘etri
530 3023 637 3054 Pauli)
658 3024 834 3057 utriusque
857 3023 938 3049 iuris
962 3022 1170 3050 mac-istrum.
1210 3022 1240 3048 bi
1265 3023 1309 3048 Hs
1326 3021 1433 3047 l'rinia
1452 3021 1632 3046 conclusio.
1671 3022 1700 3049 c)
1723 3020 1768 3046 Hs
1790 3020 1935 3045 secunda

168 3068 348 3094 conclusio.
