2178 3404
299 143 386 184 454
656 151 716 183 ΙΙΙ.
745 149 966 183 Absclmitt.
1019 148 1211 181 Bcnedikt
1239 148 1337 181 XIII.
1367 148 1443 181 und
1472 148 1542 181 das
1570 147 1719 181 Konzil.

558 291 613 335 C.
646 291 752 334 Die
785 289 1285 344 Verhandlungen
1318 301 1428 331 von
1460 288 1812 344 Pel-pignam

298 379 419 423 (200)
449 377 703 417 (infurlefen
735 377 814 416 des
844 376 904 428 fr.
941 374 1173 415 Antonius·
1211 375 1266 415 de
1300 371 1576 424 Piscibus-'U
1619 373 1841 414 Bonnam
1887 373 2076 415 brsmcld

448 448 569 488 m‘clet
601 447 987 497 :votalmatii-efen‚
1008 446 1085 486 eleo
1108 444 1220 486 saber
1236 444 1427 486 dolemm
1446 443 1626 485 XXIII.
1646 445 1747 485 war]
1772 444 1945 497 Gregsor
1967 444 2073 485 XII.

450 519 558 559 rollo
582 516 793 558 Klurlwe'l
815 517 1029 558 leerisclef.
1083 515 1213 557 Nuclz
1248 516 1399 556 sellem·
1420 514 1607 556 Zet-sion
1643 516 1697 556 [st
1730 528 1778 555 er
1799 515 1882 556 der
1904 515 2076 567 eimiye

449 589 754 641 reelefmsissvigse
788 586 1118 639 Pupsz‘ws‘ilelcr.
1184 587 1319 636 (1415
1350 599 1431 626 ‘nm
1464 584 1720 638 September
1736 587 1772 629 Ρ)

422 659 546 693 lvo-is,
576 657 670 690 Rihl.
701 656 920 692 Nasionale.
952 656 1041 690 (lod.
1068 657 1160 689 1479
1187 656 1213 697 f.
1232 657 1309 689 170.

420 732 556 771 l’aler
588 730 875 771 beatissime.
923 729 1033 770 Cum
1069 729 1233 769 fuerim
1270 729 1522 778 requisitus
1556 741 1610 769 ex
1648 730 1779 778 parte
1804 728 2076 768 sanctitatis

299 805 469 847 vestre,
505 804 567 851 ut,
602 802 638 841 si
676 814 791 852 quas
839 800 1043 840 viderem
1093 800 1207 850 vias,
1253 799 1419 850 quibus
1466 801 1633 840 sancta
1680 801 1832 839 mater
1877 799 2077 840 ecclesia

297 874 383 914 hoc
439 872 662 923 pestifero
710 873 917 913 lacerata
966 871 1191 911 scismate
1242 870 1299 910 ad
1349 870 1576 910 unitatem
1627 872 1675 910 et
1723 882 1885 920 pacem
1932 870 2077 921 redigi

298 946 474 994 posset,
509 944 631 994 quod
662 944 763 984 illas
790 944 947 983 vestre
978 942 1252 982 beatitudini
1280 942 1492 982 celeriter
1517 941 1759 991 aperirem,
1785 972 1792 980 .
1823 973 1831 981 .
1858 972 1865 980 .
1891 941 2074 981 mallem

298 1028 350 1056 os
386 1016 600 1056 claudere
636 1047 643 1054 .
681 1047 686 1052 .
724 1046 731 1054 .
767 1026 904 1064 quam
939 1013 1083 1053 inscie
1117 1014 1165 1053 et
1206 1012 1382 1053 ruditer
1421 1012 1667 1062 explicare.
1732 1012 1790 1052 Et
1814 1012 2076 1063 presertim,

297 1087 402 1137 quia
437 1087 669 1126 sanctitas
703 1087 865 1126 vestra
899 1085 943 1123 In
979 1095 1025 1124 re
1060 1083 1246 1134 prefata
1278 1083 1547 1124 infallanter
1580 1083 1727 1123 multo
1769 1083 1900 1133 plura
1944 1083 2078 1123 novit

296 1170 432 1208 quam
470 1157 603 1197 simul
641 1168 803 1196 omnes
836 1155 1048 1195 homines
1083 1154 1365 1204 superstites
1412 1154 1466 1194 de
1500 1154 1731 1204 presenti:
1768 1155 1865 1193 tum
1914 1154 2075 1205 primo,

297 1229 403 1278 quia
435 1241 519 1268 vos
554 1228 671 1268 estis
707 1227 760 1267 de
796 1226 1017 1276 primevis
1052 1225 1379 1276 cardinalibus,
1414 1226 1489 1276 qui
1523 1227 1632 1266 ante
1666 1226 1841 1266 scisma
1874 1224 2076 1275 suerunt,

298 1301 393 1339 tum
432 1299 651 1347 secundo,
699 1298 805 1348 quia
845 1299 1007 1337 vestra
1054 1297 1293 1337 beatitudo
1338 1296 1549 1337 interfuit
1593 1299 1687 1337 tam
1736 1296 1950 1337 electioni
1998 1308 2077 1346 per

296 1370 650 1420 in1p1·‹›ssi‹›n‹m1
676 1369 802 1409 facte
826 1369 945 1409 illius
972 1368 1222 1418 apostatici
1244 1368 1427 1418 Urbani,
1452 1380 1589 1418 quam
1616 1368 1837 1409 canonice
1862 1367 2075 1408 electioni

297 1441 541 1491 apostolici
579 1441 845 1488 (dementis,
882 1472 888 1478 .
926 1472 933 1480 .
971 1472 978 1480 .
1014 1442 1110 1480 tum
1148 1439 1307 1489 tercio,
1351 1440 1457 1490 quia
1498 1439 1622 1480 circa
1656 1439 2073 1490 investigacionem

296 1512 539 1553 modorum
599 1512 781 1552 uniendi
831 1511 1079 1551 ecclesiam
1126 1510 1223 1551 fere
1276 1523 1301 1550 a
1351 1510 1573 1561 principio
1623 1510 1863 1551 scismatis
1911 1510 2073 1551 eadem

296 1584 528 1624 sanctitas
576 1583 826 1633 insudavit,
873 1584 971 1623 tum
1016 1584 1199 1633 quarto,
1247 1582 1366 1633 quia,
1414 1582 1452 1622 si
1496 1581 1660 1632 aliquis
1707 1583 1945 1622 tractatus
1992 1593 2074 1622 seu

297 1654 474 1694 libellus
509 1666 648 1704 super
682 1654 832 1694 modis
869 1654 1051 1694 uniendi
1085 1653 1332 1694 ecclesiam
1369 1653 1425 1693 ab
1460 1653 1613 1703 aliquo
1649 1652 1736 1693 fuit
1770 1652 1923 1693 editus
1959 1654 2073 1693 tem—

296 1725 484 1776 poribus
520 1725 785 1775 retroactis,
825 1725 1044 1765 existimo
1085 1725 1268 1775 quidem
1315 1725 1372 1765 ad
1421 1726 1577 1765 vestre
1624 1724 1928 1765 beatitudinis
1974 1735 2073 1774 per-

298 1797 482 1837 venisse
516 1809 683 1836 manus
719 1828 726 1835 .

417 1880 568 1920 Prima
602 1882 669 1919 est
711 1880 785 1920 via
823 1880 1011 1920 iuridice
1058 1879 1391 1930 inquisicionis,
1427 1879 1633 1920 secunda
1679 1881 1754 1920 est
1799 1879 1874 1919 via
1920 1878 2073 1919 obedi-

296 1951 486 1991 encialis
521 1951 875 1995 humiliacionis,
910 1952 1057 1991 tercia
1091 1953 1166 1991 est
1201 1951 1276 1991 via
1310 1951 1449 1991 libere
1485 1950 1712 1991 cessionis
1749 1982 1756 1989 .
1793 1982 1800 1989 .
1837 1982 1844 1990 .

414 2022 465 2062 I).
489 2022 767 2062 Benedictus
790 2034 909 2073 papa
928 2034 1019 2062 non
1039 2022 1178 2063 debet
1200 2022 1489 2071 renunciare„
1514 2022 1601 2061 nisi
1622 2022 1747 2072 prius
1767 2021 1898 2072 plene
1919 2021 2072 2062 incau-

296 2096 422 2133 tetur
455 2093 509 2133 de
546 2094 678 2133 totali
715 2096 761 2133 et
796 2106 910 2143 pura
944 2093 1300 2133 renunciacione
1334 2093 1360 2132 d
1401 2092 1563 2143 Angeli
1590 2092 1806 2133 corrario
1833 2124 1839 2131 .
1866 2124 1873 2131 .
1900 2124 1907 2131 .
1936 2094 1985 2132 et
2018 2092 2072 2132 de

294 2164 557 2204 intencione
592 2164 879 2204 Ytalicorum
926 2165 1049 2205 circa
1089 2164 1406 2204 obedienciam
1452 2164 1492 2203 d.
1528 2164 1779 2204 Balthasar
1814 2164 1941 2204 (foxa
1976 2194 1983 2202 .
2019 2194 2027 2202 .
2064 2195 2071 2203 .

414 2242 651 2299 lAngelusl
690 2248 802 2287 bene
839 2247 989 2297 potuit
1024 2247 1208 2287 mittere
1233 2259 1344 2287 suos
1370 2249 1703 2297 procuratores
1729 2246 1785 2286 ad
1811 2246 1932 2286 illam
1965 2258 2071 2287 con-

293 2318 618 2368 gregacionem
657 2319 1072 2359 (¹onstanciensem
1110 2330 1211 2359 cum
1248 2318 1455 2368 plenaria
1488 2319 1728 2368 potestate
1765 2350 1771 2357 .
1809 2349 1815 2356 .
1853 2351 1856 2355 .
1907 2329 2071 2357 renun-

295 2389 444 2429 ciandi
481 2421 487 2428 .
525 2421 531 2428 .
569 2421 575 2427 ,
611 2392 650 2428 el
694 2392 849 2429 lamen
884 2389 1021 2437 forte,
1058 2421 1064 2428 .
1101 2421 1108 2429 .
1145 2421 1152 2428 .
1189 2390 1439 2439 antequam
1478 2421 1485 2429 .
1522 2421 1529 2428 .
1567 2421 1573 2427 .
1609 2389 1679 2429 sui
1714 2389 1855 2440 legati
1891 2390 1935 2429 et
1968 2400 2070 2439 pro-

294 2463 537 2500 curatores
565 2461 889 2510 pervenissent
914 2460 970 2500 ad
996 2461 1235 2501 civitatem
1257 2460 1553 2511 (fonstancie,
1572 2460 1786 2510 prefatus
1805 2460 1845 2499 d.
1868 2459 2071 2510 Angelus

293 2533 381 2570 etc.
416 2532 659 2571 revocavit
694 2563 701 2570 .
738 2563 745 2570 .
782 2563 789 2571 .
825 2543 1009 2572 omnem
1046 2532 1332 2582 potestatem
1372 2563 1377 2569 .
1415 2563 1422 2570 .
1459 2563 1466 2570 .

414 2645 420 2652 .
448 2645 454 2652 .
481 2645 488 2652 .
510 2614 693 2654 l'recise
720 2614 775 2654 ad
800 2614 840 2654 d.
871 2615 1167 2655 Benedictum
1195 2616 1435 2665 spectaret
1458 2614 1622 2655 electio
1650 2614 1897 2654 indubitati
1922 2614 2071 2664 ponti-

294 2683 405 2724 ficis.
431 2684 544 2724 Nam
569 2685 664 2734 ipse
684 2685 811 2725 solus
831 2687 961 2725 esset
979 2685 1270 2726 indubitatus
1288 2685 1537 2726 cardinalis
1553 2685 1597 2725 in
1618 2687 1721 2726 tota
1737 2685 1948 2735 ecclesia,
1967 2696 2069 2725 cum

294 2755 353 2794 sit
381 2755 435 2795 de
461 2755 583 2795 voris
607 2758 655 2795 et
680 2756 953 2796 indubitatis
979 2757 1306 2807 cardinalibus,
1341 2756 1415 2807 qui
1440 2758 1548 2797 ante
1573 2757 1748 2797 scisma
1782 2756 1970 2796 fuerunt
1994 2787 2002 2795 .
2029 2787 2036 2794 .
2062 2786 2069 2794 .

417 2893 439 2936 ¹)
469 2893 556 2926 ()rd.
587 2893 628 2926 l'r.
659 2894 761 2933 Min„
789 2894 987 2936 professor
1014 2896 1052 2928 et
1080 2894 1115 2927 in
1144 2906 1173 2927 s.
1202 2894 1403 2937 theologia
1431 2894 1629 2938 magister.
1680 2895 1728 2928 In
1765 2896 1871 2928 eluci·
1902 2893 2069 2938 Supplils

294 2952 476 2996 zllfousos
495 2964 548 2987 (m
567 2954 720 2987 Martia
744 2954 783 2987 V.
805 2954 907 2996 (Hegs.
927 2956 1021 2988 2563
1037 2954 1168 2997 f.1.34)
1195 2955 1298 2988 wird
1324 2966 1365 2988 er
1390 2954 1478 2988 sehr
1502 2954 1628 2996 [lelobf.
1672 2954 1727 2987 Er
1754 2954 1822 2988 leat
1850 2964 1922 2988 oon
1950 2954 2069 2987 Bene—

293 3011 377 3046 dim
403 3012 513 3045 XIII.
543 3013 617 3046 das
644 3012 813 3045 officium
847 3012 1122 3053 penitenciarii
1154 3015 1239 3047 med
1272 3013 1396 3048 welche
1427 3013 1639 3056 Pfha‘imle'n.
1692 3013 1782 3046 Nom
1812 3013 1881 3046 hat
1908 3023 1948 3047 er
1974 3011 2069 3046 alles

294 3072 487 3105 &Nassete
516 3073 596 3105 med
625 3073 671 3105 isi
695 3082 739 3105 zu
770 3073 922 3106 Martia
947 3073 1244 3116 ‹iiber-(Jeycmffleu.
