2178 3404
582 172 618 204 (ἶ.
671 171 739 203 Die
767 171 1097 213 Vcrhandlungen
1124 181 1197 203 von
1228 169 1461 212 l'erpignan.
1817 160 1902 200 459

134 281 438 323 discussionis
482 281 662 321 iusticie
706 292 785 330 per
820 280 940 320 viam
981 279 1191 320 nocionis
1227 279 1295 319 vel
1332 277 1666 319 iurisdictionis
1712 277 1778 316 vel
1826 289 1904 327 per

134 352 249 393 alias
283 347 644 392 ins‹2)rmaciones
674 350 915 391 veridicas.
950 350 1069 390 satis
1103 350 1239 390 michi
1275 349 1459 389 videtur
1492 348 1665 388 (lictum
1701 350 1742 387 ct
1777 347 1903 387 suffi-

133 423 308 463 cienter
341 422 566 472 scriptum
606 421 648 461 in
686 421 878 461 consilio
919 420 1104 460 Morelle
1128 417 1156 468 1)
1202 433 1281 470 per
1315 420 1526 459 dominos
1575 419 1902 468 Herengarium

133 493 187 533 de
223 493 485 533 Bardaxino
520 495 567 532 et
602 492 790 532 Petrum
828 491 1083 539 Bertrandi,
1118 503 1311 541 quorum
1360 490 1511 538 (lictis,
1558 490 1594 529 si
1642 489 1778 529 michi
1827 488 1904 528 ali-

134 563 241 614 quid
275 563 533 604 addendum
579 563 808 613 videatur⁷
856 562 1069 612 precipue
1116 561 1389 611 quantumst)
1426 561 1491 601 'ad
1535 559 1904 611 habilitaciones,

132 633 252 674 infra
286 632 524 674 subiciam.

250 715 362 756 Vias
397 717 553 756 autem
588 714 958 755 remunciacionis
1001 726 1091 754 non
1127 715 1309 754 tantum
1356 713 1583 761 insolitas,
1631 713 1709 752 sed
1757 713 1904 753 eciam

130 798 365 837 nunquam
400 798 481 837 pro
516 786 722 827 sedando
757 797 1047 836 quocumque
1081 784 1305 825 scismate
1340 784 1600 833 praticatas
1635 783 1817 824 difficile
1842 783 1905 823 vi-

132 858 270 898 detur
303 857 401 897 sine
434 857 592 908 previo
626 859 673 897 et
707 858 1004 896 monstrante
1038 855 1255 895 semitam
1292 854 1490 905 aliquam
1528 866 1668 904 posse
1717 854 1906 903 ingredi,

134 930 183 969 ut
222 930 350 969 recto
401 928 588 968 tramite
636 928 770 967 finem
827 926 1142 966 desideratum
1199 925 1418 975 attingat.
1501 924 1555 964 Et
1614 925 1716 964 ideo
1774 926 1905 964 tanto

134 999 255 1040 circa
288 1001 553 1049 presentem
589 998 835 1038 materiam
870 997 1034 1048 loquor
1068 996 1288 1046 timidius,
1333 999 1508 1047 quanto
1544 996 1642 1035 sine
1678 996 1906 1046 magistro

131 1071 180 1110 et
212 1069 444 1111 directore
489 1081 647 1110 errare
693 1081 883 1120 possem
929 1068 1249 1119 pericul‹‘›sius.
1316 1067 1419 1107 Illas
1456 1070 1610 1107 tamen
1660 1067 1774 1106 vias.
1821 1078 1907 1116 que

132 1140 446 1181 verisimiliter
480 1141 713 1191 attingere
746 1141 945 1190 possunt
980 1139 1229 1179 terminum
1264 1140 1578 1188 preomatum,
1611 1137 1859 1178 difficulter
1876 1131 1907 1182 '')

133 1210 391 1261 aggredior.

251 1292 308 1333 Et
342 1294 577 1345 premitto,
613 1294 747 1345 quod,
783 1294 820 1334 si
856 1293 979 1334 omni
1014 1296 1225 1343 tempore
1271 1292 1395 1333 licuit
1444 1291 1655 1332 Romano
1701 1292 1905 1342 pontifici

132 1364 188 1405 de
222 1365 292 1405 sui
327 1365 617 1406 successoris
652 1365 879 1406 electione
913 1364 1160 1404 decernere
1194 1366 1237 1403 et
1256 1366 1286 1413 t')
1318 1363 1587 1411 deliberare,
1622 1363 1713 1403 isto
1750 1365 1905 1402 tamen

132 1435 411 1486 prochdolor
458 1436 830 1486 impacatissimo
880 1438 926 1475 et
974 1434 1333 1475 tribulatissimo
1385 1434 1567 1474 videtur
1616 1446 1705 1474 non
1756 1434 1905 1474 (licam

131 1506 396 1557 expediens,
430 1507 510 1547 sed
546 1507 691 1548 eciam
737 1519 917 1548 summe
960 1506 1277 1547 necessarium
1328 1507 1517 1555 propter
1563 1505 1707 1545 multa
1754 1504 1906 1545 multi-

131 1577 303 1627 plicata
337 1578 577 1619 scismata.
611 1580 672 1624 et,
718 1578 806 1618 nisi
852 1578 976 1618 Deus
1023 1580 1224 1617 avertat.
1270 1576 1511 1616 evidenter
1557 1575 1905 1625 multiplicanda

132 1647 464 1700 subscifflnata,
498 1651 544 1689 et
579 1652 647 1690 est
686 1649 849 1689 similis
895 1661 950 1689 ex
1000 1649 1151 1699 aliqua
1198 1651 1331 1698 parte
1378 1647 1583 1687 fortasse
1629 1646 1905 1688 necessitas

132 1718 255 1759 sicut
287 1718 375 1759 fuit
400 1719 537 1760 Petro
571 1719 767 1770 eligendi
802 1718 1052 1760 Clementis
1088 1719 1217 1759 iuxta
1251 1730 1323 1758 no
1360 1718 1408 1757 in·
1438 1731 1473 1757 c.
1521 1718 1565 1758 s'i
1594 1718 1758 1758 l'etrus
1793 1717 1905 1757 Vlll.

132 1802 172 1840 q.
214 1785 282 1840 l.‘²)
343 1789 459 1830 Nam
503 1790 619 1830 alias
662 1791 760 1831 sine
805 1790 1029 1841 probabili
1076 1789 1353 1829 certitudine
1398 1789 1567 1829 indubii
1614 1788 1905 1829 successoris

132 1859 392 1901 inconsulte
441 1863 663 1911 papatum
711 1861 945 1901 dimittere
991 1873 1080 1901 non
1128 1862 1253 1901 esset
1305 1859 1547 1899 consulere
1594 1859 1775 1910 populo,
1825 1858 1906 1899 sed

130 1942 311 1982 nocere,
349 1943 433 1972 nec
467 1935 680 1982 prestare
713 1932 933 1983 regimen,
966 1931 1047 1972 sed
1082 1943 1251 1981 augere
1284 1930 1546 1976 discrimen,
1580 1932 1631 1970 ut
1664 1930 1752 1970 Leo
1786 1942 1905 1980 papa

132 2004 350 2043 testatur.
414 2002 530 2043 Nam
577 2003 614 2043 si
664 2003 915 2043 secundum
968 2002 1228 2043 doctrinam
1279 2001 1428 2041 sancti
1477 2000 1685 2052 Gregorii
1736 2013 1905 2051 magna

133 2073 315 2113 cautela
349 2074 587 2114 nitendum
623 2076 697 2115 est
731 2085 833 2115 cum
870 2074 1117 2115 illustratis
1153 2084 1353 2123 superno
1388 2072 1570 2122 lumine,
1603 2085 1659 2112 ne
1707 2072 1908 2112 latenter

131 2146 297 2185 auctor
331 2145 569 2185 scismatis
603 2146 751 2186 irruat
796 2148 843 2186 et
890 2145 945 2186 ab
993 2146 1188 2186 unitatis
1235 2145 1389 2187 radice
1435 2156 1530 2194 eos„
1577 2144 1650 2194 qui
1699 2144 1755 2184 ad
1803 2155 1905 2183 eam

134 2216 309 2256 reversi
344 2218 468 2267 sunt,
503 2216 598 2256 zelo
633 2217 799 2258 iterum
835 2217 1008 2258 erroris
1044 2216 1271 2265 abscidat„
1318 2216 1521 2257 maxima
1556 2215 1791 2255 nitendum
1834 2216 1907 2254 est

132 2297 234 2326 cum
278 2285 378 2336 illis,
425 2299 617 2336 quorum
665 2288 846 2328 animos
881 2288 950 2328 vel
995 2288 1261 2338 ignorancie
1306 2281 1542 2331 tenebre‘¹)
1589 2286 1658 2325 vel
1705 2285 1906 2325 avaricie

132 2359 307 2399 cecitas
331 2361 379 2399 et
412 2359 703 2409 dampnande
729 2358 1002 2399 ambicionis
1035 2361 1081 2399 et
1106 2359 1386 2408 prodicionis
1411 2357 1685 2407 improbitas
1712 2357 1906 2401 taliterff)

132 2432 434 2479 occuparunt,
468 2431 519 2469 ut
548 2429 706 2470 oculos
735 2429 940 2469 tenebris
976 2432 1196 2469 assuetos
1221 2429 1359 2479 aliqui
1392 2430 1622 2479 nequeant
1661 2429 1707 2467 et
1742 2426 1815 2466 alii
1850 2438 1905 2466 ex

131 2499 361 2540 industria
396 2501 731 2550 contempnant
765 2499 821 2540 ad
856 2500 1003 2541 lucem
1039 2500 1254 2540 veritatis
1290 2499 1519 2539 attollere.

253 2581 483 2622 premissa
545 2583 701 2633 itaque
758 2594 942 2633 semper
999 2583 1319 2623 declaracione
1373 2582 1601 2622 nullitatis
1657 2592 1907 2631 processus

134 2652 284 2693 Pisani
335 2652 461 2693 facta
517 2655 682 2693 contra
736 2653 1087 2694 sanctissimum
1143 2653 1377 2693 dominum
1440 2655 1668 2697 nostrum,
1718 2645 1908 2702 primaf)

132 2723 311 2773 pratica
343 2724 414 2764 vie
448 2723 832 2774 renunciacionis‚
867 2736 953 2774 que
987 2723 1124 2764 michi
1148 2724 1332 2764 videtur
1365 2723 1563 2774 brevior,
1598 2723 1828 2763 salubrior
1861 2724 1905 2762 et

250 2860 282 2894 a)
303 2861 331 2887 Β
360 2868 468 2894 quam.
521 2860 552 2893 b)
574 2861 600 2886 H
627 2860 812 2894 flastriclwn.
865 2861 894 2893 c)
916 2860 939 2887 :l
962 2860 1037 2888 vhe»-
1060 2860 1146 2894 Siylo
1174 2860 1233 2894 fiir
1259 2860 1291 2886 id
1313 2862 1375 2887 est.
1426 2861 1459 2893 cl)
1481 2862 1507 2887 R
1529 2860 1583 2887 hat
1607 2860 1777 2894 lsorrisjier!
1799 2859 1906 2891 calige

132 2906 335 2941 ignorant-ie.
375 2908 404 2941 e)
428 2907 470 2935 So
492 2908 519 2934 R
540 2908 624 2934 lsnrr,
645 2907 704 2941 fiir
725 2907 769 2934 ita
796 2907 971 2939 ferociter3
991 2916 1024 2935 so
1044 2907 1173 2935 noc-1124.
1214 2908 1238 2936 f)
1259 2907 1301 2935 So
1324 2909 1352 2934 R
1373 2908 1455 2935 nach
1479 2908 1588 2934 Korn:
1610 2907 1651 2933 Al:
1674 2907 1778 2940 prima
1803 2906 1907 2940 igitur

133 2953 187 2980 via
207 2953 342 2980 videtur
363 2954 514 2981 securior
535 2958 567 2980 et
590 2954 802 2981 amicabilior
824 2954 970 2981 veritati.

256 3015 280 3057 ¹)
312 3015 392 3058 Vyl.
418 3016 491 3049 Ba.
519 3016 543 3049 I
564 3017 645 3050 213.

251 3074 278 3111 ²)
303 3085 330 3109 c.
361 3075 376 3107 l
408 3074 443 3109 C.
477 3075 577 3108 VIII
599 3086 632 3118 q.
658 3076 700 3116 1,·
726 3074 823 3110 noch
851 3076 997 3109 weltere
1024 3075 1147 3109 Zitate
1174 3085 1239 3109 am
1267 3076 1415 3110 Raude.
