2178 3404
131 174 171 207 E.
223 172 415 206 Benedikt
433 171 532 205 XIII.
560 182 594 204 u.
623 171 658 204 d.
685 171 821 204 Konzil
850 181 884 203 v.
913 170 947 203 d.
967 169 1223 203 Subtraktion
1252 169 1310 202 bis
1337 179 1367 202 z.
1387 168 1502 203 Wahl
1531 168 1696 202 Martius
1722 168 1763 201 V.
1820 160 1905 201 585

128 281 380 322 humillime
421 280 727 331 requirentes,
775 279 897 330 quod
943 279 1109 319 saltem
1158 279 1430 329 dignaretur
1475 267 1639 318 statim
1686 290 1823 318 unam
1859 280 1904 319 et

129 353 299 403 plures,
333 352 373 392 si
406 351 675 403 expedierit,
710 352 868 391 tenere
903 350 1142 390 sessiones
1178 349 1355 390 concilii
1391 348 1635 400 generalis,
1673 349 1794 399 quod
1828 349 1905 389 ad—

127 423 215 464 huc
257 422 329 463 hic
373 422 686 472 continuatur,
729 423 777 461 et
819 432 958 471 super
1000 420 1243 471 premissis
1278 423 1321 460 et
1369 420 1483 470 aliis,
1527 431 1613 470 que
1656 431 1819 471 pacem
1859 422 1906 460 et

129 494 328 534 salutem
373 504 426 533 ac
470 494 647 533 statum
696 492 850 533 tocius
894 490 1253 531 christianitatis
1297 493 1343 530 et
1389 490 1669 531 universalis
1712 491 1907 531 ecclesie

133 563 317 605 notorie
371 565 672 615 concernunt,
728 574 831 604 cum
886 561 1011 602 dicto
1066 561 1260 602 concilio
1315 561 1570 601 deliberare
1620 564 1666 602 et
1714 562 1758 601 in
1807 562 1908 612 ipso

127 643 326 686 purgare
376 635 602 685 vestram,
658 645 793 684 quam
844 632 975 673 multi
1026 632 1245 683 allegant,
1294 643 1472 672 moram
1524 635 1571 673 et
1621 633 1800 684 culpam
1853 645 1906 673 ac

126 704 366 745 infamiam
400 704 548 745 eciam
583 705 637 745 de
670 703 758 744 fide
793 703 1025 744 catholica
1049 702 1334 754 dignaretur,
1369 703 1571 743 maxime
1606 716 1710 744 cum
1745 705 1906 745 vestra

126 775 359 816 sanctitas
412 775 567 816 omnia
615 787 696 826 per
744 786 829 815 vos
879 774 1021 825 facta,
1072 773 1197 814 dicta
1247 774 1295 813 et
1342 773 1536 814 dicenda
1585 775 1627 815 in
1675 777 1721 815 et
1768 787 1908 825 super

124 847 368 897 premissis
412 847 796 887 determinacioni
830 846 1026 887 ecclesie
1062 845 1365 896 summiserit,
1409 847 1460 885 ut
1495 847 1690 896 apparet
1728 857 1808 896 per
1842 846 1906 885 in-

126 919 393 959 strumenta
434 918 635 958 diversa.
700 918 847 967 Quam
893 917 1075 967 quidem
1120 916 1500 956 summissionem
1546 916 1720 957 dixisse
1764 916 1906 957 verbo

126 989 198 1029 vel
241 989 430 1039 scriptis
464 1000 555 1029 non
599 988 787 1040 sufficit,
831 989 918 1029 nisi
961 987 1275 1029 effectualiter
1308 999 1446 1038 opere
1481 987 1783 1038 compleatur.
1850 986 1907 1027 Et

125 1060 245 1111 quia,
287 1062 422 1111 pater
464 1059 778 1110 sanctissime,
823 1059 978 1100 omnia
1020 1059 1252 1109 premissa
1286 1060 1333 1099 et
1367 1058 1471 1109 alia,
1516 1060 1565 1098 ut
1609 1058 1783 1098 dictum
1819 1060 1905 1109 est,

124 1131 281 1172 unioni
324 1131 520 1172 ecclesie
563 1130 834 1180 accomoda,
880 1131 1041 1170 vestra
1085 1129 1318 1170 sanctitas
1353 1129 1496 1170 verbo
1531 1131 1591 1180 et,
1635 1129 1754 1179 quod
1790 1129 1906 1178 peri-

127 1202 332 1242 culosius
355 1204 443 1253 est,
477 1201 604 1242 facto
630 1203 878 1251 acceptare
902 1203 950 1241 et
974 1201 1018 1240 in
1049 1200 1330 1241 execucione
1355 1199 1512 1240 debita
1536 1211 1706 1250 ponere
1731 1201 1906 1250 preter-

123 1272 271 1313 mittit
303 1274 351 1313 et
375 1272 514 1313 difert
547 1274 595 1313 et
622 1272 824 1323 qualitas
860 1274 1102 1312 tantorum
1135 1271 1437 1321 negociorum
1471 1272 1519 1311 et
1552 1271 1779 1321 temporis
1815 1271 1905 1311 dis-

124 1343 315 1395 posicio,
350 1345 403 1384 ut
436 1343 559 1384 clare
592 1343 748 1394 liquet,
783 1343 882 1383 sine
916 1342 1212 1383 evidentibus
1244 1342 1473 1393 periculis,
1509 1342 1736 1393 dampnis,
1772 1354 1906 1382 scan-

123 1414 240 1455 dalis
265 1416 312 1455 et
335 1413 570 1455 erroribus
595 1414 867 1455 dilacionem
896 1413 1165 1455 ulteriorem
1189 1425 1281 1454 non
1307 1414 1575 1454 sustineant
1597 1425 1681 1454 nec
1707 1413 1904 1464 amplius

124 1485 383 1536 paciantur,
418 1496 500 1536 pro
534 1487 669 1526 tanto
708 1484 877 1535 prefati
913 1485 1187 1536 cardinales,
1223 1484 1465 1535 collegium
1503 1497 1538 1524 s.
1574 1484 1625 1525 R.
1660 1496 1697 1525 e.
1733 1484 1904 1525 facien-

123 1558 196 1597 tes
243 1556 558 1607 collegialiter,
608 1556 801 1607 predicti
852 1556 1187 1607 archiepiscopi
1235 1555 1600 1596 Terraconensis
1646 1557 1693 1596 et
1740 1554 1903 1596 Cesar-

124 1628 419 1677 augustanus
465 1626 730 1668 nominibus
778 1627 977 1677 propriis
1025 1629 1072 1667 et
1121 1628 1362 1677 tamquam
1409 1628 1742 1676 procuratores
1794 1626 1903 1667 dicti

124 1698 329 1749 episcopi
362 1697 589 1738 Palentini
635 1697 693 1738 ad
735 1697 944 1748 proxime
986 1698 1111 1738 dicta
1155 1710 1316 1738 omnes
1354 1700 1440 1738 etc.
1478 1697 1576 1737 vice
1621 1710 1674 1738 ac
1716 1698 1902 1738 nomine

126 1769 335 1820 aliorum,
371 1780 751 1819 quorumcunque
785 1768 961 1809 eisdem
995 1780 1115 1809 nunc
1147 1769 1219 1809 vel
1253 1769 1296 1808 in
1330 1768 1536 1809 futurum
1576 1768 1900 1809 adherencium

124 1839 220 1880 zelo
255 1839 421 1880 domus
453 1840 550 1891 Dei,
593 1840 742 1880 eciam
778 1841 934 1880 vestre
970 1840 1242 1881 sanctitatis
1278 1840 1444 1880 salutis
1478 1841 1525 1880 et
1557 1839 1681 1880 fame
1715 1840 1901 1880 accensi

123 1911 167 1950 in
221 1910 357 1951 dictis
421 1911 865 1962 supplicacionibus,
930 1912 1136 1951 consiliis
1189 1913 1236 1952 et
1299 1911 1686 1961 requisicionibus
1748 1922 1905 1961 perse-

123 1983 345 2022 verantes
407 1982 536 2032 ipsas
591 1994 644 2022 ac
702 1983 804 2033 ipsa
859 1981 985 2024 cum¹
1026 1984 1202 2033 quanta
1266 1984 1467 2033 possunt
1529 1981 1794 2022 humilitate
1849 1994 1901 2022 ac

122 2053 356 2094 instancia
398 2055 506 2094 ante
551 2053 692 2104 pedes
737 2054 944 2095 eiusdem
991 2053 1264 2095 sanctitatis
1307 2053 1535 2104 prostrati
1578 2053 1807 2093 reiterant
1849 2065 1903 2093 ac

122 2124 168 2164 in
201 2125 250 2165 et
294 2136 433 2175 super
478 2125 721 2175 premissis
767 2137 927 2166 eorum
979 2124 1300 2166 consciencias
1347 2136 1450 2165 cum
1498 2124 1652 2165 cordis
1698 2124 1904 2175 puritate

123 2197 383 2236 exonerant
415 2196 464 2236 et
504 2195 716 2246 proprias
752 2196 947 2247 animas,
991 2196 1035 2236 in
1079 2197 1302 2246 quantum
1339 2196 1554 2246 possunt,
1597 2195 1809 2245 liberant,
1853 2196 1904 2234 ut

123 2267 231 2307 ante
278 2265 481 2307 tribunal
531 2267 678 2307 eterni
732 2267 895 2308 iudicis
945 2267 1069 2308 nulla
1119 2266 1252 2317 culpa
1300 2266 1414 2316 ipsis
1464 2266 1621 2306 valeat
1668 2265 1903 2317 imputari,

122 2338 447 2388 protestantes
490 2337 815 2378 nichilominus
858 2349 1081 2388 expresse
1123 2337 1211 2377 illis
1255 2336 1431 2377 meliori
1476 2336 1613 2377 modo
1648 2338 1695 2376 et
1738 2335 1903 2386 forma,

124 2407 289 2459 quibus
322 2408 377 2449 de
418 2408 516 2448 iure
549 2410 597 2449 et
631 2408 746 2449 alias
791 2410 1004 2459 possunt,
1048 2408 1103 2448 de
1147 2407 1360 2448 omnibus
1394 2407 1481 2447 viis
1516 2409 1560 2447 et
1606 2407 1822 2447 remediis
1857 2408 1904 2447 et

125 2478 192 2518 eis
252 2478 633 2529 qualitercunque
687 2480 733 2519 et
798 2478 1213 2529 quomodocunque
1277 2477 1645 2528 pertinentibus3
1710 2477 1902 2527 predicti

125 2548 384 2589 cardinales
425 2548 628 2590 offerunt
662 2561 711 2589 se
756 2551 948 2599 paratos
993 2550 1279 2599 potestatem
1322 2548 1517 2599 eligendi
1553 2548 1663 2588 dare
1697 2550 1744 2588 et
1779 2560 1902 2588 com-

124 2619 325 2670 mittere,
378 2621 429 2660 ut
482 2620 782 2670 premittitur,
837 2619 1219 2670 procuratoribus
1265 2621 1313 2660 et
1360 2619 1541 2659 nunciis
1596 2618 1904 2669 supradictis3

124 2692 171 2730 et
207 2690 328 2740 quod
362 2701 442 2740 per
474 2690 601 2741 ipsos
635 2702 725 2731 non
761 2692 860 2731 stat
892 2702 1039 2740 neque
1074 2690 1221 2731 stabit
1254 2702 1476 2741 expresse
1510 2692 1558 2730 et
1593 2702 1695 2731 cum
1730 2701 1902 2739 magna

125 2760 360 2801 instancia
409 2762 749 2812 protestantur,
803 2761 1093 2811 requirentes
1148 2772 1310 2802 omnes
1364 2761 1559 2812 predicti
1613 2763 1661 2801 et
1714 2760 1905 2811 quilibet

126 2831 335 2882 ipsorum
371 2831 426 2872 de
459 2832 701 2882 premissis
736 2831 949 2872 omnibus
988 2833 1035 2872 et
1069 2832 1263 2882 singulis
1297 2832 1364 2872 eis
1398 2833 1445 2872 et
1479 2831 1665 2872 cuilibet
1698 2831 1903 2881 ipsorum

123 2902 220 2942 fieri
264 2901 495 2953 publicum
537 2902 901 2943 instrumentum
937 2904 985 2943 et
1018 2902 1200 2953 publica
1242 2903 1558 2945 instrumenta
1593 2902 1651 2943 ad
1691 2903 1902 2943 eternam

125 2983 208 3029 rey
243 2973 530 3013 memoriam.
1497 2967 1500 2969 ’
