2178 3404
286 151 371 193 528
642 160 700 193 111.
729 158 947 193 Abschnitt.
1000 158 1187 191 Benedikt
1219 157 1317 191 XIII.
1345 157 1423 191 und
1451 158 1520 191 das
1549 155 1697 191 Konzil.

285 272 466 315 dicitur,
501 270 623 320 regis
659 268 836 319 Anglie,
871 267 1143 308 vulneratus
1177 266 1264 307 suit)
1298 267 1468 317 taliter,
1504 267 1637 317 quod7
1671 269 1723 307 ut
1752 267 1933 317 dicitur,
1967 279 2057 307 non

285 342 466 382 evadet.
535 339 812 380 lnterfectus
846 339 993 379 eciam
1030 338 1113 378 suit
1149 337 1206 378 ibi
1242 338 1425 388 quidam
1461 337 1578 378 alius
1612 350 1811 387 magnus
1845 338 2057 378 dominus

283 412 657 462 consanguineus
702 410 823 460 regis
859 409 1035 459 Anglie.
1100 410 1267 449 (¹0mes
1302 420 1414 449 vero
1448 408 1715 449 Armaniaci
1754 408 1958 459 disponit
2002 408 2058 448 ad

282 482 583 524 obsidendum
621 481 795 521 dictum
830 480 981 521 10011111
1016 480 1071 520 de
1106 479 1274 520 Arillor
1308 480 1422 519 bene
1457 480 1563 520 cito.

402 554 513 593 Item
550 553 806 602 imperator
837 550 923 591 suit
956 550 1001 590 in
1027 550 1224 591 Francia
1248 553 1292 590 et
1330 550 1575 600 presertim
1602 549 1807 590 Parisius
1843 549 2057 600 sollemp-

280 624 471 664 nissime
498 622 752 663 festivatus
776 624 823 661 et
847 621 1106 662 collocatus
1131 622 1172 661 in
1203 623 1361 661 castro
1386 621 1511 671 regis
1536 620 1778 667 vocatusa)
1803 620 2059 670 vulgariter

286 695 441 735 Loure.
500 694 541 733 ln
579 693 704 732 brevi
734 704 1007 733 recessurus
1042 696 1112 732 est
1141 693 1316 732 vadens
1350 692 1392 731 in
1420 691 1630 742 Angliam
1665 691 1722 731 ad
1757 691 2054 731 tractandum

282 771 565 816 possetenus
592 776 750 814 pacem
786 764 907 803 Inter
941 776 1074 813 reges
1109 766 1152 803 et
1192 775 1331 812 regna
1360 762 1553 803 Francie
1587 764 1631 802 et
1658 761 1835 812 Anglie.
1890 762 1943 802 Et
1970 761 2057 802 hoc

281 849 362 887 per
397 837 517 877 viam
563 834 846 876 matrimonii
890 835 1011 874 inter
1054 846 1207 885 regem
1245 834 1408 883 Anglie
1442 837 1485 872 et
1531 832 1669 873 filiam
1707 833 1829 882 regis
1865 832 2058 873 Francie

278 908 464 947 nomine
498 906 722 948 Katerina
756 907 898 947 etatis
933 906 1011 945 XII
1047 917 1287 946 annorum.

398 979 644 1019 Dominam
679 978 886 1027 reginam
920 977 1110 1017 Francie
1144 976 1344 1016 nondum
1376 975 1674 1015 visitavimus
1710 976 1901 1025 propter
1934 975 2057 1024 regis

279 1049 704 1100 indisposieionem.
771 1049 849 1088 Set
891 1048 1175 1088 intendimus
1209 1058 1310 1087 eam
1348 1046 1553 1085 breviter
1588 1046 1795 1095 visitare,
1836 1046 1942 1096 quia
1976 1057 2055 1085 rex

281 1132 360 1171 per
392 1120 472 1160 Dei
516 1120 723 1167 graciam
768 1118 928 1170 incipit
962 1119 1125 1159 melius
1161 1129 1210 1158 se
1244 1118 1428 1158 habere.
1495 1116 1700 1156 Parisius
1736 1129 1817 1167 pro
1852 1116 2055 1167 presenti

280 1192 334 1231 de
368 1192 551 1241 magnis
596 1191 794 1232 dominis
828 1203 919 1231 non
955 1192 1061 1230 sunt
1098 1190 1184 1229 nisi
1220 1189 1260 1229 d.
1296 1200 1376 1228 rex
1413 1189 1618 1230 Francie.
1665 1199 1744 1228 rex
1784 1187 2056 1237 liudovicus‚

279 1263 369 1303 dux
406 1263 578 1302 Biturie
613 1266 655 1303 et
693 1263 732 1302 d.
769 1261 1016 1303 cardinalis
1051 1261 1106 1300 de
1142 1260 1243 1300 Bar.
1307 1260 1533 1300 Dominus
1568 1259 1809 1309 delphinus
1848 1259 2058 1298 nescitur

281 1346 306 1374 a
341 1337 483 1382 certo„
520 1334 702 1384 quando
738 1334 798 1373 sit
835 1334 1074 1374 venturus.
1139 1331 1239 1372 Dux
1277 1331 1537 1381 Hurgundie
1577 1333 1649 1370 est
1683 1330 1727 1370 in
1762 1330 1978 1370 Flandria
2011 1330 2053 1370 in

282 1404 387 1445 villa
421 1404 475 1444 de
510 1404 677 1444 Insula.
742 1404 908 1444 Dicunt
946 1403 1147 1454 quidam7
1190 1402 1311 1452 quod
1347 1404 1527 1442 tractat¹
1560 1401 1735 1441 intrare
1771 1400 1977 1440 Parisius
2011 1401 2054 1440 in

280 1476 507 1516 societate
541 1476 582 1515 d.
618 1475 830 1526 delphini.
894 1474 991 1515 Hoc
1027 1476 1183 1514 tamen
1219 1485 1310 1513 non
1344 1472 1570 1513 habemus
1609 1484 1635 1512 a
1669 1474 1811 1512 certo.

398 1546 613 1587 Ueterum
655 1558 801 1596 usque
840 1557 960 1586 nune
998 1556 1078 1596 per
1111 1545 1191 1584 Dei
1227 1544 1433 1591 graciam
1468 1555 1559 1583 non
1595 1543 1823 1583 sentimus
1858 1542 2054 1592 disposi-

279 1618 435 1658 ciones
477 1618 546 1658 vel
592 1618 829 1657 tractatus
873 1616 969 1656 fieri
1014 1617 1057 1656 in
1102 1616 1208 1655 istis
1255 1615 1464 1666 partibus
1509 1626 1589 1665 per
1634 1625 1955 1665 quemcunque
1998 1613 2054 1654 ad

278 1690 519 1738 rupturam
546 1688 687 1728 futuri
715 1688 906 1739 concilii7
932 1699 1088 1739 ¹vmmo
1115 1697 1361 1737 speramus
1387 1685 1540 1726 omnia
1576 1684 1860 1726 concedente
1885 1682 2054 1724 Christi

279 1759 527 1799 clemencia
563 1758 759 1798 feliciter
793 1758 1099 1798 terminanda.

397 1830 630 1870 Preterea.
675 1830 974 1870 serenissime
1008 1829 1207 1871 domine.
1242 1840 1333 1869 non
1368 1828 1516 1868 solum
1547 1829 1738 1878 propter
1771 1826 2055 1877 expedienda

278 1913 380 1941 cum
407 1901 605 1941 dominis
630 1901 813 1951 expedit
840 1913 926 1940 nos
951 1901 1021 1940 hic
1052 1900 1203 1951 aliquo
1240 1903 1449 1950 tempore
1478 1907 1733 1949 remanere,
1768 1900 1820 1938 ut
1843 1899 1975 1948 patet.
1997 1909 2053 1937 ex

278 1971 432 2011 verbis
452 1971 492 2011 d.
513 1972 774 2011 cancellarii
796 1971 988 2012 Francie
1009 1983 1149 2021 supra
1170 1971 1373 2021 scriptis,
1397 1982 1554 2021 ymmo
1575 1970 1722 2010 eciam
1744 1968 1833 2009 alia
1852 1969 2054 2009 racione.

276 2042 500 2082 Dixerunt
531 2043 649 2082 enim
675 2043 809 2083 nobis
837 2043 1042 2083 nonnulli
1067 2043 1122 2083 ad
1154 2054 1314 2093 pacem
1344 2042 1541 2082 ecclesie
1568 2043 1616 2081 et
1638 2040 1695 2081 ad
1723 2039 2052 2080 excellenciam

276 2113 316 2153 d.
341 2113 466 2163 regis
492 2112 724 2163 Aragonie
749 2116 889 2164 atque
914 2116 1122 2154 vestram
1154 2112 1324 2163 affecti,
1359 2112 1480 2163 quod
1506 2123 1667 2162 parum
1698 2111 1945 2162 prodesset
1967 2121 2053 2150 nos

276 2184 463 2224 misisse
482 2184 526 2223 in
547 2184 789 2225 Franciam
812 2185 962 2225 solum
983 2185 1039 2224 ad
1058 2184 1367 2224 refferendum
1387 2185 1431 2223 et
1458 2182 1756 2234 hortandum⁷
1779 2182 1868 2221 nisi
1887 2182 2055 2231 postea

277 2255 570 2295 convenienti
592 2257 803 2306 tempore
828 2267 1178 2296 remaneremus
1203 2254 1369 2294 ibidem
1395 2254 1453 2294 ad
1474 2252 1832 2294 confortandum
1858 2251 2054 2302 negocia

276 2327 321 2365 et
343 2326 622 2366 obviandum
648 2326 992 2376 impedimentis
1014 2326 1169 2373 variis„
1194 2337 1279 2375 que
1302 2326 1520 2375 poterunt
1540 2324 1824 2373 contingere,
1850 2335 1902 2363 ac
1926 2322 2053 2363 falci-

276 2397 508 2447 tatilmsa),
530 2408 616 2447 que
636 2397 904 2448 plerumque
923 2409 1004 2448 per
1023 2397 1268 2437 malivolos
1289 2396 1592 2436 seminantur.
1618 2394 1879 2445 Eapropter
1896 2396 2052 2434 vestre

276 2468 585 2508 dominacioni
610 2468 844 2509 humiliter
868 2468 1197 2519 supplicamus,
1223 2469 1454 2518 quatenus
1489 2478 1616 2517 casu,
1644 2478 1733 2516 quo
1760 2465 2050 2505 voluntatem

275 2538 448 2588 regiam
476 2539 744 2589 exequendo
773 2551 855 2579 vos
880 2539 1097 2589 occupari
1123 2539 1363 2588 contingat
1402 2538 1523 2577 ultra
1557 2536 1821 2586 terminum,
1856 2548 1937 2586 pro
1962 2546 2051 2585 quo

276 2609 410 2649 nobis
445 2609 555 2650 data
587 2608 667 2649 suit
698 2611 945 2660 provissiQ
981 2622 1067 2660 que.
1102 2609 1225 2650 circa
1260 2609 1458 2649 medium
1485 2608 1659 2647 mensis
1685 2606 1819 2647 Madii
1854 2605 2052 2653 finietur,

276 2679 410 2720 nobis
436 2680 490 2719 de
526 2681 745 2730 pecuniis,
781 2684 919 2731 prout.
953 2692 1032 2731 per
1058 2681 1097 2721 d.
1123 2692 1278 2731 regem
1316 2679 1579 2719 ordinatum
1615 2678 1785 2729 extitit,
1821 2675 2051 2727 provideri

276 2749 418 2790 faciat
446 2762 548 2790 011111
581 2750 766 2792 effectu.
817 2751 1148 2792 Celsitudinem
1175 2753 1383 2791 vestram
1419 2761 1500 2801 per
1524 2750 1679 2790 omnia
1713 2748 1907 2789 felicitet
1930 2746 2051 2797 prin-

277 2833 386 2871 ceps
420 2821 563 2870 pacis.
629 2822 862 2872 scriptum
898 2822 1104 2862 Parisius
1138 2821 1315 2862 XXIIII.
1350 2821 1525 2861 mensis
1559 2819 1731 2860 Marcii.

399 2890 564 2931 Vestre
590 2891 927 2933 dominacionis
953 2892 1194 2933 humillimi
1228 2893 1485 2932 servitores
1519 2889 1733 2931 manibus
1758 2888 1955 2940 propriis
1979 2887 2050 2927 llic

277 2962 526 3012 subscripti
547 2961 575 3002 f.
595 2961 663 3002 .lo.
685 2963 857 3003 ordinis
879 2963 1227 3003 l’redicatorum
1253 2963 1482 3013 magister
1499 2973 1522 3000 e
1541 2962 1736 3001 Dalmau
1761 2960 1815 2999 de
1834 2958 2048 2999 Darnius.

395 3080 427 3107 a)
448 3076 489 3102 Su
515 3078 563 3101 Ην.
