2178 3404
88 185 130 220 D.
181 185 250 219 Die
278 184 582 219 Gesamltsehal't
610 184 654 217 K.
683 184 925 217 Fordiuands
956 195 1002 216 an
1035 184 1075 216 K.
1104 182 1324 224 Sigismund
1358 183 1433 215 und
1465 182 1709 215 Frankrvieh.
1767 172 1852 214 ΒΕΓ)

81 295 309 345 Narbone,
343 294 397 334 de
433 293 596 344 quibus
630 293 673 333 in
708 293 1030 344 proposicione
1063 292 1325 333 feceramus
1350 292 1520 342 pluries
1550 292 1851 332 mencionem.

83 367 139 407 Et
172 366 360 416 addidit,
404 364 524 415 quod
559 364 682 404 datis
716 366 757 403 61
799 364 910 403 visis
945 363 1031 403 illis
1077 364 1373 414 loquerentur
1411 360 1651 403 nobiscuin
1687 364 1734 403 et
1767 374 1852 403 1108

82 448 183 477 611111
219 437 300 476 618.
366 435 421 476 Et
455 437 563 486 post
596 435 678 475 1166
714 435 754 474 (l.
789 446 868 474 rex
904 434 1096 475 Francie
1131 433 1305 474 faceret
1348 434 1481 474 nobis
1522 433 1576 474 ad
1612 434 1854 484 proposita

80 507 433 557 responsionem
468 506 618 555 magis
653 517 925 555 expressam
969 507 1013 545 et
1055 505 1095 544 d.
1130 505 1226 554 regi
1262 504 1502 554 scriberet,
1548 506 1600 545 ut
1645 504 1853 545 decebat.

84 577 461 627 Verumptamen,
496 576 655 626 inquit,
690 576 777 615 1106
812 587 903 616 11011
936 575 1107 626 poterit
1144 575 1209 615 ita
1234 575 1326 615 cito
1350 574 1445 614 lieri
1472 576 1661 625 propter
1684 586 1852 625 magna

81 648 275 697 negocia
298 648 440 698 regni,
465 647 508 686 in
535 631 698 697 quibus
723 648 858 687 erant
881 658 963 697 pro
988 648 1098 686 tunc
1123 645 1293 685 domini
1319 647 1546 696 occupati.
1576 645 1634 686 Et
1656 646 1856 686 finaliter

58 718 207 768 ‚dicta
241 730 326 759 sua
360 718 589 758 conclusit
623 717 804 757 dicens:
870 716 928 757 Et
960 728 1046 757 vos
1080 716 1340 767 peroptime
1377 717 1611 757 veneritis.

200 789 362 830 Tereia
380 789 452 829 die
471 788 698 839 sequenti,
719 788 898 828 scilicet
916 788 960 827 in
980 788 1051 827 die
1070 787 1193 828 beati
1214 784 1509 837 1))61161116111),
1528 788 1855 838 proposuimus

83 872 239 900 coram
284 859 592 900 universitate
626 859 669 899 in
705 859 842 900 domo
876 858 1229 909 Maturinorum,
1273 858 1346 898 ubi
1382 858 1469 898 suit
1506 859 1856 908 magistrorum,

83 931 342 981 doctorum,
376 930 677 980 prelatorum,
704 929 1025 978 religiosorum
1051 931 1098 969 et
1122 929 1315 970 aliorum
1341 929 1676 979 graduatorum
1704 930 1856 970 multi-

83 1001 195 1043 tudo
230 1001 434 1041 solennis
468 1002 515 1041 et
554 1012 736 1051 magna.
803 1000 856 1040 Et
899 1012 1000 1041 cum
1038 1000 1184 1050 primo
1231 999 1398 1040 fuisset
1444 1011 1525 1050 per
1567 1011 1653 1039 nos
1700 999 1857 1040 oblata

83 1072 124 1113 d.
156 1072 279 1123 regis
312 1072 469 1112 littera
503 1074 550 1112 et
583 1073 925 1122 consequenter
958 1071 1125 1111 ibidem
1162 1082 1319 1111 coram
1356 1070 1569 1111 omnibus
1605 1082 1684 1121 per
1717 1083 1855 1111 111111111

83 1155 139 1183 ex
173 1143 239 1183 eis
279 1142 373 1183 alte
419 1145 465 1183 et
510 1142 856 1192 intelligibiliter
888 1143 1024 1192 lecta,
1072 1142 1398 1192 proposuimus
1445 1143 1492 1182 et
1536 1141 1707 1182 fuimus
1755 1154 1854 1182 cum

84 1225 254 1264 magno
289 1213 477 1254 silencio
518 1215 566 1253 et
600 1213 866 1253 attencione
913 1213 1071 1253 auditi.
1137 1213 1250 1253 Post
1284 1213 1653 1263 proposicionem
1701 1212 1858 1263 itaque

85 1284 324 1335 respondit
357 1286 514 1325 rector
555 1284 877 1324 universitatis
917 1284 1222 1334 regraciando
1265 1284 1320 1324 de
1354 1284 1624 1324 ambaxiata
1658 1283 1699 1324 d.
1735 1283 1858 1333 regis

85 1357 299 1396 sanctum
336 1365 516 1405 quoque
551 1366 682 1394 suum
720 1355 767 1394 et
809 1353 975 1394 stabile
1018 1354 1309 1404 propositum
1354 1366 1407 1395 ac
1442 1356 1578 1405 gesta
1612 1352 1858 1404 111agnifica

86 1426 142 1466 ad
175 1425 391 1466 unionem
425 1425 620 1466 ecclesie
666 1436 747 1475 per
792 1436 877 1465 nos
923 1425 1089 1465 ibidem
1142 1425 1286 1465 lacius
1332 1425 1565 1476 explicata
1613 1425 1856 1475 plurimum

87 1496 469 1537 commendando.
504 1495 782 1547 Addiditque
803 1507 941 1546 super
964 1496 1170 1536 ulteriori
1191 1496 1549 1547 responcioneal,
1575 1496 1859 1537 universitas

86 1566 365 1607 deliberaret
398 1569 446 1607 et
484 1566 646 1607 deinde
694 1567 751 1607 ad
792 1578 878 1607 nos
926 1567 982 1607 ad
1028 1567 1216 1608 domum
1262 1569 1475 1607 nostram
1523 1567 1769 1607 accederet
1815 1568 1862 1605 et

88 1638 441 1688 responcionem
488 1637 790 1678 deliberatam
839 1637 1047 1678 referret.
1119 1638 1279 1678 Tercia
1330 1638 1471 1688 igitur
1521 1638 1591 1678 die
1638 1638 1863 1688 sequenti,

89 1720 174 1759 que
208 1708 295 1748 fuit
328 1708 484 1748 ΧΧ1ΙΙ.
519 1708 691 1759 Marcii,
732 1708 786 1748 de
832 1720 968 1749 mane
1015 1709 1141 1748 venit
1186 1711 1341 1749 rector
1386 1709 1712 1750 universitatis
1759 1720 1861 1749 cum

90 1778 318 1830 aliquibus
342 1779 584 1829 magistris
608 1779 652 1819 in
678 1788 815 1820 sacra
838 1779 1006 1830 pagina
1032 1779 1088 1819 ad
1112 1779 1299 1819 domum
1330 1781 1541 1820 nostram
1568 1782 1612 1820 et
1638 1780 1866 1830 magister

91 1845 415 1901 Benedictus&
460 1850 717 1890 monachus
764 1850 917 1891 sancti
961 1850 1171 1901 Dyonisii
1215 1851 1269 1891 (16
1317 1851 1540 1891 mandato
1576 1850 1773 1891 rectoris
1819 1851 1867 1890 et

90 1920 428 1971 universitatis,
472 1922 519 1960 ut
557 1920 685 1970 dixit,
719 1920 827 1961 fecit
863 1920 997 1961 nobis
1037 1924 1220 1971 gratam
1266 1922 1618 1972 responcionem
1669 1922 1866 1972 quinque

91 1990 214 2031 inter
248 1991 337 2031 alia
371 1991 713 2032 continentem:

210 2061 378 2112 Primo,
414 2062 534 2113 quod
569 2062 854 2103 universitas
889 2063 1191 2104 serenissimo
1226 2063 1266 2103 d.
1295 2064 1389 2114 regi
1416 2063 1683 2114 Aragonum
1710 2074 1866 2113 regra—

93 2132 304 2174 ciabatur
325 2132 560 2173 humiliter
579 2133 633 2173 de
658 2133 960 2174 sanctissimo
985 2137 1032 2174 et
1056 2134 1211 2174 stabili
1236 2135 1479 2185 proposito
1499 2137 1546 2175 et
1570 2135 1624 2174 (le
1646 2134 1867 2174 virtuosis

92 2203 308 2254 operibus
343 2203 440 2244 suis
485 2203 529 2243 in
562 2204 690 2244 facto
737 2204 933 2245 ecclesie
980 2217 1060 2255 per
1105 2217 1191 2245 nos
1238 2205 1383 2246 lacius
1429 2205 1675 2256 explicatis
1721 2206 1764 2245 et
1814 2204 1868 2244 de

93 2274 377 2325 ambaxiata,
412 2286 548 2325 quam
597 2275 816 2325 dignatus
859 2275 1014 2316 fuerat
1058 2276 1145 2326 ipsi
1192 2276 1489 2317 universitati
1535 2276 1746 2326 dirigere.
1812 2275 1869 2314 Et

93 2344 239 2385 eciam
264 2345 617 2395 regraciabatur
634 2345 768 2386 nobis
788 2346 842 2386 de
861 2346 982 2386 bona
1001 2347 1243 2396 diligencia
1262 2349 1310 2386 et
1327 2347 1610 2397 exequcione
1636 2357 1868 2386 commen-

94 2414 230 2454 dabili
264 2416 307 2455 in
342 2416 442 2467 hiis,
476 2428 562 2466 que
596 2416 728 2456 nobis
764 2417 1092 2457 commendata
1126 2416 1309 2457 fuerant
1348 2429 1429 2457 seu
1464 2418 1682 2457 comissa.

214 2486 440 2536 Secundo,
467 2487 588 2536 quod
612 2487 737 2527 dicta
763 2487 1046 2527 universitas
1071 2487 1216 2527 eidem
1239 2487 1279 2527 d.
1300 2487 1395 2537 regi
1420 2487 1626 2528 breviter
1650 2487 1872 2537 dirigeret

96 2555 275 2596 literam
313 2554 631 2608 graci‹›sam,3)
676 2569 756 2607 per
797 2567 933 2607 quam
981 2560 1236 2608 appeteret,
1287 2558 1407 2609 quod
1452 2558 1553 2609 ipsa
1600 2556 1871 2598 intendebat

96 2626 310 2667 laborare
344 2627 537 2667 viriliter
570 2630 615 2667 et
650 2629 926 2668 constanter
970 2628 1027 2669 ad
1074 2629 1286 2669 unionem
1335 2629 1529 2670 ecclesie
1575 2631 1622 2669 et
1668 2639 1871 2669 annuere

97 2697 475 2737 exortacionibus
510 2699 688 2738 sanctis
723 2699 763 2739 d.
800 2699 936 2749 regis.

216 2767 392 2819 Tercio,
427 2769 548 2818 quod
572 2769 777 2819 placeret
809 2769 957 2820 nobis,
994 2770 1169 2820 regiam
1203 2771 1503 2811 maiestatem
1530 2782 1662 2810 suam
1689 2781 1872 2819 semper

99 2838 156 2878 ad
189 2839 430 2889 negocium
467 2834 641 2889 pacisb)
676 2839 856 2880 unionis
891 2840 1086 2880 ecclesie
1119 2840 1371 2891 exhortari,
1407 2841 1528 2881 sicut
1568 2843 1615 2880 et
1647 2840 1733 2890 ipsi
1767 2851 1868 2880 eam

99 2909 338 2949 exhortari
372 2910 707 2961 proponelmnt,
742 2921 847 2961 11011,
882 2910 1003 2961 quod
1037 2909 1248 2951 diffidant
1282 2910 1640 2961 quomodolibet,
1676 2910 1779 2961 quin
1827 2910 1869 2949 in

220 3034 252 3067 a)
273 3033 315 3061 So
341 3036 390 3061 Or.
430 3035 459 3066 b)
481 3035 575 3062 Fehlt
597 3037 640 3061 et.

223 3082 245 3117 ¹)
271 3083 327 3116 21.
356 3084 477 3118 ,Uim-3.
505 3103 548 3106 ——
577 3086 603 3121 ²¹)
631 3084 830 3116 (lenc-iani.
859 3103 901 3106 Q
929 3084 956 3127 3)
994 3084 1066 3127 l'gll.
1096 3086 1211 3118 meleu
1241 3095 1284 3117 :n
1315 3084 1426 3126 April
1452 3086 1482 3117 b'.
