2178 3404
344 174 431 215 434
700 182 760 217 ΙΙΙ,
788 182 1006 214 Abschnitt.
1057 181 1250 213 Benedikt
1276 180 1375 214 XIII.
1404 180 1478 213 und
1508 180 1578 214 das
1605 181 1754 214 Konzil.

345 290 465 345 (182)
500 291 719 332 Benedilst
740 290 874 331 XIII.
904 291 1160 343 protessiert
1192 303 1267 331 (un
1306 292 1371 331 15.
1395 291 1497 331 ‘und
1518 290 1587 330 25.
1610 289 1743 342 szz',
1777 290 1872 342 (10ss
1894 288 1949 330 K.
1976 287 2119 342 Sigye's-

496 363 642 403 neum?
685 362 777 402 ihm
827 374 905 402 ron
951 362 1035 402 (len
1075 362 1136 402 im
1178 360 1392 413 Vera-(190
1437 374 1528 402 vom
1569 362 1608 401 4.
1643 361 1744 402 und
1774 362 1814 402 8.
1850 359 1984 401 Ilfflrz
2022 373 2119 401 ver-

494 433 769 486 ‚epi-ochema
794 431 1135 485 Gelee'sshriefen
1155 445 1279 473 :ovar
1296 433 1381 473 (leot
1408 444 1494 473 von
1510 430 1769 473 Baltlmsm·
1790 431 1941 483 Cossa,
1957 432 2117 486 jedoch

493 506 652 546 {semen
694 516 788 545 vom
821 503 975 556 Ko'nigy
1010 516 1091 544 ron
1125 503 1425 555 Frwelfree'ch,
1464 502 1662 556 Lmlwiy
1698 516 1776 544 von
1812 503 1979 557 Amjou,
2018 504 2122 545 clem

496 575 670 628 Grafen
725 588 803 615 ron
854 573 1060 628 Sarogseu
1111 576 1212 615 wad
1263 575 1345 615 der
1391 573 1617 626 Republe'l:
1666 574 1826 615 Geumi
1881 575 2122 628 rerscImffi‘

493 646 630 696 habe,-
679 659 727 687 eJ·
770 645 884 686 habe
930 658 1022 686 nur
1068 645 1256 686 des-halb
1304 646 1429 686 scine
1474 644 1605 686 Reise
1656 646 1771 687 nach
1828 645 2118 699 I'illafrmeca

493 717 618 759 wicht
650 718 926 769 (meyefreten.
992 718 1127 767 (1415
1161 717 1276 757 nach
1310 716 1430 757 June?
1461 716 1552 763 25.)

467 800 572 836 Rom.
608 800 731 834 ratiis.
759 799 910 834 Archiv.
940 799 1024 842 Rcsj.
1054 799 1147 833 Rem.
1176 799 1284 832 XIII.
1313 800 1385 832 332
1407 799 1435 842 f.
1463 800 1554 831 σου.

468 886 834 926 ‚lnstruinentuin
879 885 1246 935 prmestacionis
1293 885 1465 925 domini
1511 885 1660 925 nostri
1702 886 1867 924 contra
1907 883 1946 923 d.
1983 883 2123 934 Sigis-

347 957 567 998 munduin
606 959 840 997 assertum
876 957 1222 1006 imperatorem,
1258 958 1305 996 ut
1342 955 1534 995 inferius
1570 955 1850 995 continetur.

349 1112 420 1152 die
467 1111 651 1151 sabbati
700 1110 796 1150 XV.
840 1110 1014 1150 mensis
1059 1110 1182 1150 ‚Iunii
1224 1141 1231 1149 .
1274 1142 1281 1149 .
1325 1142 1332 1150 .
1379 1110 1419 1149 d.
1467 1110 1746 1150 Benedictus
1792 1110 1837 1149 in
1884 1111 2125 1160 presencia

350 1183 552 1223 omniun]
588 1184 857 1222 nostrorum
894 1181 1185 1221 notariorum
1222 1183 1264 1220 et
1302 1181 1491 1221 testium
1525 1180 1930 1231 infrascriptoruni
1957 1182 2012 1222 ad
2039 1182 2124 1222 hoc

350 1254 616 1304 specialiter
650 1254 926 1293 vocatorum
968 1252 1083 1292 dixit
1117 1254 1160 1292 et
1197 1252 1429 1303 exposuit,
1475 1252 1610 1303 quod,
1654 1264 1756 1292 cuin
1797 1252 1841 1292 in
1877 1253 2125 1294 concordia

350 1325 478 1366 sacta
519 1326 657 1375 atque
700 1323 887 1364 firmata
927 1324 971 1364 in
1007 1324 1199 1364 civitate
1234 1324 1514 1364 (fonstancie
1554 1326 1721 1374 quarta
1756 1324 1932 1363 mensis
1966 1324 2125 1365 Marcii

351 1396 455 1437 anni
491 1395 683 1446 predicti
717 1395 839 1435 inter
872 1394 1176 1435 reverendum
1213 1397 1393 1445 patrem
1429 1395 1469 1435 d.
1504 1390 1822 1443 Avinionemss)
1856 1395 2123 1445 episcopum

351 1467 657 1507 Senecensein
694 1468 739 1506 et
771 1466 999 1507 Jacobum
1038 1466 1260 1506 Helleroni
1308 1466 1549 1516 utriusque
1594 1465 1706 1505 iuris
1749 1465 1989 1507 doctorem
2030 1478 2125 1506 ain-

352 1538 621 1578 baxiatores
668 1537 873 1577 eiusdem
926 1537 1198 1577 sanctitatis
1244 1549 1300 1577 ex
1347 1539 1479 1586 parte
1526 1549 1630 1584 una,
1680 1539 1724 1577 et
1774 1537 2123 1578 serenissimum

351 1608 711 1659 Sigismunduin,
755 1608 829 1659 qui
872 1620 922 1649 se
964 1608 1086 1659 gerit·
1129 1620 1210 1658 pro
1244 1619 1353 1658 rege
1388 1607 1719 1659 Romanorum,
1765 1620 1821 1648 ex
1855 1610 1989 1659 parte
2024 1609 2126 1660 alia,

350 1681 394 1720 in
428 1692 518 1731 qua
552 1680 733 1730 quidem
770 1680 1019 1720 concordia
1054 1679 1163 1720 dicti
1199 1679 1563 1729 amlmxiatores,
1597 1679 1718 1730 quod
1741 1679 1894 1720 dictus
1918 1680 1958 1719 d.
1985 1680 2127 1720 Bene-

353 1752 506 1793 dictus
547 1763 648 1792 cun}
691 1751 937 1792 carissimo
978 1750 1068 1791 filio
1105 1762 1189 1791 suo
1224 1750 1515 1791 Ferdinando
1550 1761 1657 1801 rege
1691 1749 1924 1800 Aragonie
1958 1750 2125 1791 illustri

352 1823 395 1862 in
430 1822 549 1862 Villa
588 1821 801 1862 Francha
844 1834 927 1862 seu
972 1822 1071 1862 eius
1114 1823 1252 1872 portu
1294 1821 1464 1862 Portus
1509 1819 1668 1862 Olious
1714 1821 1971 1871 vulgariter
2014 1833 2128 1862 nun-

353 1894 524 1944 cupato
571 1895 618 1933 et
664 1892 856 1933 civitate
901 1892 1027 1933 Nicie
1074 1892 1384 1943 personaliter
1428 1904 1510 1942 per
1555 1894 1708 1932 totuin
1755 1903 1963 1932 mensem
2005 1892 2129 1932 ‘Iunii

354 1964 658 2005 convenirent
702 1976 785 2014 pro
829 1964 1102 2014 complenda
1136 1965 1299 2004 mutua
1335 1964 1513 2012 visione
1547 1975 1686 2014 super
1719 1975 1834 2014 pace
1867 1965 1915 2004 et
1948 1963 2130 2004 unitate

353 2035 562 2085 ecclesie7
605 2034 918 2085 promiserunt
956 2037 1095 2085 atque
1129 2033 1448 2085 firmaverunt7
1490 2034 1599 2074 dicti
1635 2033 1983 2074 ambaxiatores
2019 2034 2129 2074 fuis-

354 2108 459 2146 sent
504 2117 727 2156 expresse
774 2106 1042 2155 protestati7
1089 2105 1209 2156 quod
1259 2105 1542 2145 securitates
1589 2107 1636 2145 et
1682 2105 1771 2145 alia
1818 2105 1875 2145 ad
1920 2105 2130 2156 predicta

352 2176 621 2217 necessaria
668 2178 863 2226 possent
913 2176 1228 2217 articulariter
1273 2178 1317 2216 et
1365 2175 1580 2226 specifice
1629 2176 1867 2216 declarare
1917 2176 2130 2227 dicteque

354 2247 636 2288 securitates
682 2249 849 2297 postea
897 2247 968 2287 die
1018 2247 1129 2286 VIII.
1176 2247 1352 2287 mensis
1398 2249 1445 2287 et
1491 2246 1597 2287 anni
1645 2247 1960 2297 predictorum
2010 2247 2132 2287 inter

355 2318 506 2358 dictos
551 2317 902 2358 ainbaxiatores
942 2330 999 2358 ex
1032 2330 1124 2358 una
1158 2320 1205 2358 et
1238 2318 1512 2368 predictum„
1556 2317 1630 2368 qui
1665 2329 1715 2357 se
1752 2318 1872 2368 gerit
1906 2330 1988 2368 pro
2022 2329 2130 2367 rege

356 2388 670 2429 Romanorum
693 2400 749 2428 ex
770 2389 859 2429 alia
884 2389 1096 2440 partibus
1119 2389 1321 2430 fuissent
1345 2388 1628 2429 concordate
1654 2389 1907 2429 secundum
1933 2388 2128 2439 quedam

356 2460 559 2510 capitula
599 2460 720 2500 inter
759 2472 839 2501 eos
880 2460 1022 2511 facta„
1066 2461 1194 2512 inita,
1235 2460 1420 2500 firmata
1456 2462 1499 2499 et
1536 2460 1703 2510 iurata,
1737 2460 1860 2499 inter
1892 2471 1978 2510 que
2011 2459 2132 2498 inter

356 2533 513 2571 cetera
548 2530 758 2581 prefatus
794 2531 1118 2582 Sigisinundus
1154 2534 1402 2582 pretensus
1434 2543 1514 2571 rex
1538 2530 1855 2571 Romanorum
1881 2530 2130 2580 se'obliga-

357 2601 420 2641 vit
469 2601 525 2641 ad
568 2601 829 2642 habendum
875 2615 956 2653 pro
1000 2603 1123 2643 dicto
1167 2602 1207 2642 d.
1250 2614 1292 2642 n.
1336 2614 1457 2652 papa
1499 2604 1546 2641 et
1590 2601 1803 2642 omnibus
1847 2604 1894 2641 et
1936 2601 2130 2651 singulis

357 2684 459 2712 cum
506 2672 607 2722 ipso
657 2673 724 2712 vel
772 2673 917 2723 ipsius
961 2673 1209 2714 occasione
1256 2673 1354 2714 sive
1396 2684 1477 2723 per
1519 2675 1695 2713 terrain
1740 2672 1837 2712 sive
1881 2684 1962 2723 per
2003 2681 2132 2712 mare

356 2743 650 2783 venientibus
693 2744 977 2784 securitates
1017 2745 1314 2784 necessarias
1357 2745 1404 2783 et
1448 2745 1736 2793 opportunas
1776 2743 1819 2782 in
1862 2742 2132 2793 plenissima

357 2812 523 2865 forma,
560 2816 655 2854 tani
682 2826 763 2864 pro
789 2814 1002 2855 omnibus
1037 2817 1084 2855 et
1117 2815 1312 2866 singulis
1347 2814 1559 2865 personis
1595 2814 1925 2864 cuiuscumque
1960 2815 2131 2862 status,

357 2896 495 2935 quain
529 2885 676 2924 eciam
711 2897 793 2935 pro
828 2897 987 2925 earum
1024 2885 1161 2926 rebus
1195 2885 1477 2936 quibuslibet
1511 2897 1537 2925 a
1572 2884 1858 2935 Baltassare,
1902 2884 1977 2935 qui
2011 2882 2130 2933 apud

358 2966 469 2995 suos
501 2954 741 2995 Jollaiiiies
781 2968 901 3006 papa
934 2956 1092 2996 XXIII.
1127 2958 1423 3006 nuncupatur
1465 2957 1513 2995 et
1556 2968 1581 2995 a
1623 2966 1731 3005 rege
1772 2954 2005 2995 Ludovico
2049 2964 2129 3004 pro

475 3116 508 3150 a)
527 3116 601 3150 Hey.
624 3116 646 3141 A
654 3115 891 3142 vinionensem.
