2178 3404
667 174 1190 217 Regiaubigungssvhreilwn
1221 174 1466 206 Malatostas.
1864 164 1949 204 3325

184 286 269 326 tris
303 287 348 325 et
382 283 658 324 universalis
693 283 887 323 ecclesie
922 283 1143 332 imperiali
1188 282 1446 322 ministerio
1493 282 1738 322 subvenire
1786 294 1947 331 possu-

185 367 299 405 mus,
334 356 383 395 ut
417 365 587 404 sponse
620 354 743 403 regis
779 365 937 403 regum
973 353 1015 392 in
1049 353 1135 392 hac
1171 365 1353 393 sumina
1387 353 1672 393 necessitate
1706 364 1948 393 succurra-

184 437 300 466 mus.
364 424 604 464 Monemus
638 424 794 474 itaque
829 423 1116 463 nobilitatem
1161 426 1288 463 tuam
1336 426 1381 463 et
1428 424 1672 463 hortamur
1715 423 1949 463 attencius

183 507 263 546 per
296 495 336 535 d.
369 494 530 535 Jesum
566 492 815 543 Christum,
851 495 1081 543 quatenus
1118 493 1556 533 reverendissimum
1604 493 1766 533 intima
1811 492 1949 533 affec-

184 566 305 607 tione
338 566 383 605 in
408 564 592 605 Christo
628 566 809 615 patrem
844 564 884 603 d.
910 563 1136 613 Angelum
1162 563 1391 607 Corrario.
1418 564 1523 603 olim
1550 563 1822 614 Gregorium
1858 563 1949 603 XII.

183 638 514 686 nuncupatum.
548 634 774 676 studiosis
809 634 1219 674 exhortacionibus
1254 634 1469 674 inducere
1505 634 1632 679 velis.
1668 636 1713 674 ut
1752 635 1809 674 ad
1844 645 1950 674 con-

184 707 336 747 cilium
371 705 652 746 Constancie
686 706 730 745 in
766 705 976 756 proximo
1013 703 1337 744 celebrandum
1360 716 1475 744 cum
1513 705 1742 745 universis
1779 705 1833 744 de
1867 716 1951 744 sua

184 776 463 827 obediencia.
499 776 829 827 cuiuscumque
865 775 1214 825 preeminencie,
1256 774 1511 824 dignitatis.
1560 775 1747 825 gradus.
1794 777 1950 815 status

183 851 226 888 et
263 847 547 889 condicionis
581 849 801 889 existant.
837 846 1115 897 quantocius
1152 845 1347 885 accedat
1382 877 1389 884 .
1426 878 1432 884 .
1470 843 1516 891 .¹)

302 929 524 971 Consorta
557 931 697 981 igitur
730 933 777 970 et
811 929 1005 969 eundem
1041 929 1080 968 d.
1119 928 1341 978 Angelum
1367 928 1560 968 inducas
1591 931 1634 968 et
1662 941 1763 969 cum
1790 929 1948 969 eodem

183 1001 266 1047 vel.
301 1001 339 1041 si
374 1001 417 1040 in
461 1002 612 1052 aliquo
660 1001 865 1051 legitimo
907 999 1238 1049 impedimento
1298 999 1654 1049 superveniente
1711 1000 1806 1049 ipse
1853 1011 1951 1048 per-

183 1072 409 1113 sonaliter
442 1073 599 1113 venire
632 1072 857 1122 nequiret.¹
893 1071 1059 1110 saltem
1097 1072 1144 1110 tu
1181 1071 1278 1120 ipse
1294 1071 1325 1116 ²²)
1360 1070 1417 1110 ad
1448 1070 1513 1110 tui
1539 1070 1738 1110 nominis
1763 1073 1809 1110 et
1832 1070 1953 1109 tituli

183 1143 414 1184 commodi
449 1146 493 1184 et
534 1143 724 1183 honoris
771 1143 1059 1181 incrementa
1101 1141 1297 1191 procede
1348 1145 1391 1180 et
1439 1142 1540 1181 veni
1589 1141 1646 1181 ad
1693 1141 1951 1191 predictum

184 1213 441 1264 concilium,
477 1216 581 1265 quia
617 1224 758 1264 prope
793 1216 879 1257 est.
916 1215 962 1251 ut
1002 1212 1188 1252 veniant
1216 1212 1313 1252 dies
1350 1211 1546 1261 Domini,
1582 1224 1670 1262 quo
1696 1222 1953 1261 exsurgens

182 1283 461 1324 misereatur
480 1285 604 1337 Syon
623 1288 667 1325 et
689 1284 935 1325 ecclesiam
954 1283 1229 1323 militantem
1247 1283 1610 1323 misericorditer
1627 1283 1908 1323 consoletur.
1922 1279 1953 1328 ²)

184 1353 434 1405 Speranlus
475 1357 610 1407 enim,
653 1363 699 1396 111
747 1355 865 1396 casti
907 1354 1085 1394 consilii
1132 1354 1390 1393 seminator
1437 1353 1675 1403 adaperiat
1724 1354 1865 1394 corda
1909 1355 1956 1393 et

182 1424 517 1475 intelligencias
553 1425 886 1467 confluencium
923 1424 980 1464 ad
1015 1424 1120 1463 illud
1156 1429 1199 1463 et
1246 1423 1461 1463 adhibeat
1508 1424 1607 1464 vias
1648 1427 1694 1464 et.
1738 1423 1954 1473 remedia,

184 1526 191 1534 .
228 1526 235 1534 .
271 1526 278 1534 .
313 1496 435 1546 quod
468 1497 751 1537 individuam
785 1495 1013 1536 unitatem
1061 1497 1100 1534 et
1154 1506 1313 1544 pacem
1362 1493 1619 1544 perfectam
1666 1495 1709 1534 in
1755 1494 1954 1535 ecclesia

184 1568 351 1607 sancta
394 1566 475 1607 Dei
518 1567 836 1608 indubitanter
882 1566 1112 1607 credimus
1161 1570 1508 1615 proventuram.
1576 1565 1706 1609 Ecce.
1752 1576 1952 1615 namque

182 1647 268 1677 nos
302 1637 540 1678 ofterimus
575 1638 721 1678 eidem
757 1632 835 1683 d.¹')
871 1636 1061 1686 Angelo.
1096 1636 1176 1676 11111
1211 1647 1294 1676 uec
1329 1647 1419 1676 non
1455 1635 1668 1676 omnibus
1693 1638 1739 1675 et
1763 1634 1955 1685 singulis

183 1707 227 1747 in
250 1707 350 1748 eius
375 1709 641 1754 comitiva&
668 1707 1024 1758 procedentiluis
1049 1707 1290 1757 ipsumque
1319 1706 1675 1756 precedentibus
1696 1708 1740 1746 et
1762 1717 1955 1756 sequen-

183 1777 323 1830 tibus,
357 1780 576 1830 quociens
611 1782 891 1829 oportunum
927 1778 1079 1818 fuerit.
1114 1780 1326 1817 nostrum
1364 1777 1545 1817 salvum
1588 1777 1869 1817 conductum
1910 1780 1953 1816 et

183 1850 495 1890 omnimodam
532 1851 835 1891 securitatem
869 1849 1002 1889 nobis
1030 1848 1293 1899 possibilem
1321 1848 1430 1887 dare
1455 1850 1499 1887 et
1528 1847 1784 1887 attribuere
1808 1850 1852 1886 et
1879 1858 1954 1887 ex-

181 1919 336 1961 hibere
370 1920 424 1961 de
459 1921 787 1962 benevolencia
824 1932 933 1960 vera
966 1921 1013 1959 et
1047 1920 1230 1960 sincera
1265 1919 1402 1959 animi
1428 1919 1576 1958 nostri
1626 1917 1951 1967 disposicione.

184 2022 191 2029 .
228 2021 235 2029 .
272 2022 278 2029 .
315 1991 488 2031 Pret'ati
523 1992 726 2042 religiosi
749 1991 903 2032 nuncii
928 1991 1009 2037 tui.
1034 1990 1210 2030 latores
1236 1989 1525 2039 presencium
1557 1992 1646 2029 etc.
1676 1992 1804 2029 tuam
1829 1989 1956 2029 nobi-

182 2060 361 2102 litatem
397 2062 520 2102 circa
554 2063 801 2102 materiam
837 2061 1156 2102 subiacentem
1194 2063 1415 2110 poterunt
1449 2060 1752 2110 expressione
1792 2059 1956 2108 vocali.

181 2134 320 2182 prout
352 2144 379 2173 a
410 2133 587 2174 nostris
627 2134 760 2173 labiis
807 2133 1078 2173 didicerunt.
1130 2131 1274 2171 lacius
1322 2131 1596 2180 cerciorare,
1632 2130 1954 2171 desiderantes

183 2203 329 2244 eciam
365 2203 537 2244 avisari
571 2204 626 2244 de
660 2204 824 2244 itinere
860 2203 1086 2244 faciendo.
1112 2205 1163 2242 ut
1187 2214 1272 2242 nos
1299 2213 1523 2252 queamus
1549 2201 1830 2251 tempestive
1863 2200 1954 2240 dis-

184 2285 367 2323 ponere7
402 2276 453 2314 ut
493 2275 615 2314 omni
661 2275 827 2316 timore
873 2274 1102 2324 deposito„
1151 2275 1285 2323 prout
1335 2272 1609 2313 confidimus
1655 2273 1698 2311 in
1746 2271 1955 2317 Domino.

184 2345 313 2385 cuius
346 2356 421 2385 res
457 2346 623 2396 agitur.
658 2346 747 2386 iter
781 2348 1019 2395 arreptum
1064 2344 1221 2385 valeat
1266 2346 1365 2383 tute
1413 2343 1687 2383 continuare
1731 2344 1819 2382 etc.
1886 2340 1956 2380 Ad

183 2415 457 2456 mandatum
490 2416 530 2456 d.
566 2417 701 2467 regis.

301 2498 539 2540 Johannes
574 2499 840 2549 prepositus
874 2499 929 2539 de
964 2497 1198 2547 Strigonio
1235 2496 1660 2536 vicecancellarius.

165 2659 304 2714 (146)
333 2661 947 2716 Bcgylceubc'fflmcys-schreiben
1014 2661 1286 2702 Malatasms
1347 2663 1430 2713 fiir
1492 2661 1615 2700 some
1681 2659 1952 2701 Gesaizfclteu.

331 2732 512 2775 Rimc'ni
546 2735 660 2773 1415
690 2733 882 2774 Jcmuar
913 2734 981 2773 20.

303 2814 462 2848 Peter-sb.
495 2814 582 2848 Cod.
610 2814 638 2856 f.
668 2817 721 2848 70.

303 2953 335 2987 a)
355 2952 397 2981 So
422 2953 688 2982 trahrscheiulieh
711 2954 755 2979 13.-
778 2952 801 2980 (ζ’
821 2951 986 2985 tiu-penul)
1026 2951 1057 2980 11)
1080 2951 1173 2986 ΕοΙῃί
1193 2951 1441 2978 mamistria-lien.
1463 2950 1629 2976 (Ὧι-13110.
1669 2952 1697 2977 ι’)
1720 2949 1814 2977 ΈΡῘῙΗ
1839 2950 1870 2976 13.

306 3015 329 3048 ¹)
357 3016 408 3049 Es
433 3015 563 3058 folqen
592 3015 732 3048 wiedm·
760 3014 934 3056 relv'qio'se
966 3012 1284 3054 E'rmalmmuqeu.

305 3072 330 3112 ²)
358 3074 450 3108 lsai,
479 3075 535 3109 51.
