2178 3404
529 162 653 194 Brien·
682 162 738 195 bis
767 172 832 194 zur
853 162 1079 201 Absetzung·
1103 160 1280 194 Johanns
1310 160 1445 192 XXIII.
1788 152 1872 190 '2833

219 272 286 312 Ad
307 271 558 311 secundam
579 274 772 320 partem‚
792 302 798 309 .
818 302 824 309 .
844 302 850 308 .
871 273 917 309 ut
936 270 1069 310 nobis
1090 270 1269 319 placeat
1289 269 1545 319 providere
1568 270 1686 319 quod
1710 271 1870 319 prelati

102 347 329 383 terrarum
355 343 399 381 et
427 341 630 381 locorum
658 343 928 382 nostiorum
953 340 1127 380 vadant
1154 343 1255 384 etc..
1286 340 1636 390 respondemus,
1672 341 1792 390 quod
1817 353 1871 380 cx

99 415 230 463 parte
249 416 413 452 nostra
436 411 559 452 nuIIa
584 411 834 461 prohibicio
861 411 987 451 facta
1011 416 1098 461 θεῖ,
1126 443 1131 449 .
1160 443 1167 450 .
1194 443 1200 449 .
1228 423 1334 461 ymo
1360 411 1402 450 in
1430 410 1642 451 libertate
1668 412 1868 451 omnium

99 483 184 524 fuit
207 485 252 523 et
277 484 349 523 est
385 482 639 523 secundum
665 483 933 523 voluntates
959 493 1093 526 suas;
1128 487 1171 521 et
1199 493 1288 521 non
1314 481 1463 521 soium
1489 482 1668 531 prelati,
1693 482 1774 522 sed
1800 483 1871 522 aiii

97 554 245 594 nostri
290 553 499 594 salariati
544 553 727 594 iverunt
771 564 874 592 cum
918 564 1008 593 non
1055 564 1198 602 parvo
1246 552 1490 592 incomodo
1539 553 1679 593 studii
1723 553 1870 593 nostri

98 624 303 665 Paduani
340 655 346 663 .
384 657 390 663 .
428 656 435 664 .
502 624 599 664 Non
635 626 707 664 est
751 635 958 673 necesse2
1004 625 1054 663 ut
1090 623 1211 663 aliud
1244 634 1414 662 novum
1452 623 1723 663 mandatum
1761 623 1871 664 faci—

97 706 245 735 amus.

597 765 663 805 De
698 768 829 815 parte
867 762 948 804 125
982 786 1036 810 -,
1072 764 1126 804 de
1160 775 1248 804 non
1286 762 1321 804 O
1357 785 1411 789 ἡ
1446 776 1537 804 non
1571 765 1736 805 sinceri
1776 765 1810 804 1.

219 848 285 887 Ad
321 848 511 888 terciam
540 849 735 897 partem,
768 879 774 887 .
802 879 808 885 .
836 879 842 886 .
869 850 918 887 ut
953 847 1165 887 similiter
1188 846 1322 887 nobis
1351 847 1530 897 placeat
1558 851 1749 888 nostros
1775 861 1869 888 am-

96 918 365 959 baxiatores
400 919 585 958 mittere
626 920 730 970 eto,
766 918 1114 968 respondemus.
1156 917 1276 967 quod
1312 929 1464 957 mores
1500 918 1646 957 nostri
1684 907 1874 959 dominii

95 1000 280 1039 semper
302 988 490 1029 fuerunt
513 991 559 1029 et
584 993 695 1029 sunt
718 990 760 1028 in
787 988 923 1029 rebus
948 988 1284 1029 ecclesiasticis
1304 1000 1388 1028 nos
1414 1000 1505 1028 non
1530 989 1763 1039 impedire,
1789 991 1869 1030 sed

94 1060 364 1110 permittere
387 1060 505 1103 illos,
530 1059 694 1110 quibus
719 1060 832 1100 talia
855 1062 1074 1109 spectant
1105 1059 1358 1099 secundum
1384 1071 1588 1100 canones
1612 1063 1659 1100 et
1683 1061 1869 1101 ecclesi-

95 1131 272 1171 asticas
298 1131 666 1171 constituciones
692 1162 699 1169 .
729 1163 735 1170 .
763 1162 769 1169 .
822 1130 875 1170 Et
902 1130 958 1170 ad
984 1130 1191 1180 concilia,
1217 1142 1303 1180 que
1329 1142 1408 1179 per
1432 1133 1643 1180 tempora
1669 1131 1869 1171 fuerunt.

93 1213 326 1251 nonquam
371 1201 700 1241 consuevimus
744 1203 934 1242 nostros
980 1200 1330 1240 ambaxiatores
1375 1201 1560 1241 mittere
1609 1233 1615 1240 .
1653 1234 1659 1240 .
1698 1233 1703 1240 .
1770 1202 1866 1242 Non

97 1272 279 1313 videtur
296 1271 445 1323 nobis,
470 1272 590 1322 quod
609 1273 671 1312 sit
694 1272 1012 1312 necessarium
1032 1274 1222 1311 nostros
1244 1271 1594 1311 ambaxiatores
1615 1273 1865 1313 secundum

94 1343 448 1393 requisicionem
485 1354 619 1383 suam
654 1343 853 1383 mittere.

557 1426 622 1466 De
657 1428 789 1475 parte
826 1424 909 1465 125
943 1446 997 1450 -—
1032 1425 1086 1465 de
1120 1437 1210 1465 non
1247 1424 1282 1466 Ο
1317 1446 1372 1450 —
1407 1437 1497 1465 non
1531 1426 1698 1466 sinceri
1733 1423 1811 1472 2¹)

213 1508 359 1559 Super
393 1509 553 1558 quinta
587 1499 734 1558 parte„
779 1520 858 1558 per
893 1520 1027 1559 quam
1074 1508 1435 1549 notificaverunt
1468 1512 1631 1549 nostro
1667 1509 1868 1549 dominio

93 1591 161 1630 ea,
211 1591 297 1630 que
331 1579 370 1620 d.
405 1591 486 1620 rex
532 1579 714 1619 dixerat
760 1590 898 1629 super
942 1579 1068 1619 facto
1104 1578 1406 1619 Turchorum.
1454 1579 1617 1629 quibus
1665 1581 1862 1620 asseruit

94 1661 174 1700 per
205 1662 291 1690 nos
326 1650 583 1690 subsidium
617 1649 762 1690 fuisse
796 1650 954 1690 datum
992 1653 1103 1690 etc.:
1148 1650 1498 1700 respondemus.
1543 1650 1662 1700 quod
1706 1662 1868 1691 sumus

94 1721 341 1761 certissimi
377 1722 464 1761 toti
500 1721 670 1761 mundo
704 1721 936 1761 notorium
972 1721 1085 1764 fore
1122 1752 1129 1759 .
1156 1753 1162 1759 .
1190 1753 1196 1759 .
1222 1721 1342 1771 quod
1368 1753 1374 1760 .
1403 1754 1409 1760 .
1437 1753 1443 1760 .
1481 1733 1664 1771 semper
1697 1722 1868 1762 fuimus

92 1794 140 1832 et
173 1804 336 1832 sumus
361 1792 565 1833 onmium
600 1792 847 1832 infidelium
872 1795 918 1832 et
954 1792 1197 1842 potissime
1223 1791 1503 1833 Teucrorum
1542 1795 1867 1843 persecutows

93 1863 268 1903 assidui
314 1866 361 1903 et
406 1862 573 1903 debeat
608 1895 614 1902 .
653 1896 659 1903 .
697 1895 703 1902 .
739 1862 829 1902 dux
878 1875 978 1902 cum
1026 1863 1113 1903 illis
1150 1864 1318 1910 verbis,
1367 1875 1452 1914 que
1496 1875 1577 1904 sue
1624 1864 1866 1904 serenitati

92 1933 384 1985 videbuntur,
431 1934 663 1975 sustinere
708 1935 932 1976 honorem
982 1935 1129 1975 nostri
1178 1935 1365 1975 dominii
1415 1968 1421 1974 .
1470 1967 1476 1973 .
1526 1968 1532 1974 .
1599 1935 1652 1975 Et
1703 1938 1865 1984 postea

93 2005 358 2055 subiungat,
408 2005 529 2056 quod
575 2008 738 2046 nostra
786 2007 1047 2047 dominacio
1098 2006 1310 2046 senciens
1357 2018 1424 2046 ea.
1475 2018 1560 2056 que
1607 2007 1646 2045 d.
1697 2006 1737 2046 d.
1788 2018 1865 2046 rex

92 2075 301 2126 divulgat
336 2079 499 2117 contra
532 2078 747 2117 nostrum
783 2077 1033 2117 dominium
1070 2089 1209 2127 super
1242 2077 1369 2117 facto
1404 2077 1632 2117 dictorum
1664 2077 1866 2117 Turcho-

91 2157 191 2186 rum
241 2148 289 2186 et
337 2147 457 2197 quod
504 2147 651 2188 eciam
699 2148 956 2198 scripserat
1001 2160 1081 2197 per
1126 2147 1299 2187 orbem.
1346 2179 1352 2186 .
1389 2179 1395 2186 .
1433 2180 1439 2186 .
1476 2147 1634 2187 multis
1683 2147 1866 2198 regibus

91 2221 135 2258 et
200 2217 480 2268 principibus
539 2218 694 2258 mundi
749 2218 909 2259 literas
966 2223 1159 2259 nostra-s
1215 2218 1487 2269 scripsimus
1546 2230 1684 2268 super
1739 2218 1866 2258 facto

93 2287 312 2337 predicto,
363 2300 556 2338 quarum
605 2290 784 2340 copiam
829 2301 990 2330 sumus
1037 2290 1186 2339 parati
1235 2289 1332 2329 suis
1382 2289 1745 2339 paternitatibus
1790 2301 1865 2329 ex-

91 2357 247 2399 hibere
283 2391 290 2399 .
327 2390 334 2397 .

580 2443 644 2482 De
678 2446 810 2493 parte.
848 2442 929 2482 126
963 2464 1018 2468 -
1052 2444 1106 2483 de
1139 2455 1230 2483 non
1268 2441 1303 2484 O
1338 2464 1393 2468 —
1426 2454 1517 2483 non
1553 2443 1717 2483 sinceri
1754 2441 1804 2484 O.

213 2591 237 2634 ¹)
264 2592 374 2635 Folgff
400 2593 484 2626 Abs.
512 2593 596 2625 hair.
626 2593 789 2627 orhetenc
819 2593 1173 2635 I⁴',·imlae›ussiif†nng!
1202 2594 1389 2627 zm'sclwn
1424 2593 1606 2636 Republilc
1635 2594 1717 2627 nm!
1746 2594 1863 2634 Sinis—

93 2652 225 2684 mnml.
248 2651 445 2685 Aternum-t:
464 2652 720 2692 Erinncrnnq
740 2663 794 2685 rm
815 2652 877 2685 die
897 2651 1148 2694 nei-glebliawn
1181 2653 1641 2694 Versolmintusvemnclze.
1690 2652 1777 2687 will
1797 2653 1865 2685 dm·

91 2710 231 2752 Κόηίῃ,
259 2721 299 2744 so
326 2712 418 2744 siud
444 2713 497 2745 sic
524 2712 645 2745 bereti.
697 2711 753 2743 De
780 2713 890 2752 parte
917 2710 949 2743 8.
1000 2712 1161 2747 Zusatz:
1196 2704 1426 2755 Siffl'smuml
1461 2713 1514 2746 sei
1553 2712 1654 2746 nicht
1689 2714 1726 2746 in
1756 2713 1865 2745 Kou-

89 2770 221 2810 srafna
246 2771 299 2803 sci
325 2781 365 2803 er
393 2770 490 2803 oracla
521 2771 589 2804 del·
608 2770 808 2805 Retckkelu·
826 2770 947 2804 beo-eit.
974 2772 1074 2804 scien
1094 2773 1149 2804 sic
1168 2782 1204 2805 es
1224 2772 1333 2805 ancli.
1378 2771 1433 2803 De
1458 2774 1572 2812 parte
1591 2770 1647 2803 39.
1691 2771 1865 2805 iiaeedcrc:

97 2827 371 2871 Verschiebnngff
409 2829 477 2861 dei·
503 2830 681 2863 ilutivort
716 2829 769 2862 bis
806 2829 1062 2872 Donnerstagl.
1124 2830 1179 2862 De
1207 2832 1319 2872 parte
1346 2829 1392 2863 82
1419 2850 1461 2852 -
1490 2830 1536 2863 de
1565 2840 1639 2862 non
1668 2830 1689 2862 2
1716 2848 1759 2852 —
1788 2839 1861 2861 non

90 2886 231 2919 sinceri
258 2886 290 2919 4.
341 2887 412 2921 Am
452 2890 504 2921 12.
534 2887 764 2931 September:
800 2888 977 2921 Antwort
1002 2889 1074 2922 soll
1103 2890 1197 2923 nacla
1232 2890 1429 2924 E't‘icldrcler
1461 2891 1528 2923 dci·
1558 2890 1776 2923 Gesmtdtcn
1807 2900 1863 2921 vi·-

90 2945 230 2988 folyen.
281 2946 336 2979 De
362 2950 474 2987 parte
501 2946 652 2979 56ffi70.
703 2948 862 2980 Znsatz‘:
902 2947 1007 2982 Nach
1034 2948 1234 2982 {eiiciat-elu-
1262 2949 1327 2983 des
1353 2950 1503 2992 Kainys
1526 2950 1628 2983 selon
1662 2950 1714 2982 sie
1741 2948 1862 2982 bei-eis.

91 3002 240 3038 53-53
284 3005 338 3037 De
360 3016 435 3038 non
465 3005 509 3037 10
528 3025 570 3028 ——
591 3016 665 3038 non
687 3006 827 3038 sinceri
850 3004 998 3038 18ffi15.
1042 3007 1112 3039 Am
1135 3009 1187 3040 13.
1210 3008 1321 3041 Πᾶν-Ξ
1348 3008 1440 3041 1416
1456 3008 1594 3041 helffen
1618 3009 1686 3041 dci·
1709 3008 1865 3048 lsse'sclms'

94 3064 175 3097 itud
201 3064 330 3099 Slolz‘cs
355 3075 439 3097 zum
474 3065 611 3099 Knuzil
636 3065 787 3099 zuriick.
842 3065 1019 3099 (lusu-ort
1046 3066 1141 3099 (nich
1165 3067 1255 3108 jere!
1283 3068 1564 3101 (utsusciclwncl.
