2178 3404
341 173 495 210 Bericht
526 175 619 209 iiber
645 173 707 209 die
734 174 952 209 Aufnahme
980 174 1048 208 der
1073 174 1492 217 Zessionsmitteilung.
1711 165 1797 207 353

32 299 124 328 non
158 288 375 338 potuerat
408 288 516 325 acta
549 284 670 325 ferre
703 285 898 335 publica,
945 285 1137 325 credidit
1185 285 1254 326 vir
1297 284 1379 325 Dei
1424 286 1555 336 parvi
1598 286 1796 327 hominis

32 359 150 410 voci,
185 358 435 398 contentus
469 355 633 406 solum,
668 356 789 406 quod
819 359 951 406 parte
985 356 1074 396 mei
1108 366 1161 398 ea
1197 356 1346 396 relata
1378 360 1587 407 putaret;
1621 360 1666 398 et
1703 357 1797 407 dig*

30 442 139 471 num
155 426 188 481 a)
224 439 379 469 verum
414 428 724 467 memoratum
759 426 1171 477 admirandumque
1210 428 1327 469 idem
1373 428 1529 469 retulit
1564 427 1797 469 Thomeus

30 500 182 551 michi,
206 510 339 550 quem
364 497 452 538 11110
477 496 711 548 appulisse
736 497 961 546 sospitem
986 497 1140 537 divino
1166 510 1354 538 munere
1378 499 1527 549 reperi
1540 493 1588 550 ¹²),
1616 498 1797 540 duobus

31 573 215 611 tantum
249 568 444 610 eundem
478 567 711 608 titubasse
745 570 952 618 patrem:
988 567 1190 608 Primum
1226 568 1422 620 quidem,
1465 582 1521 610 ne
1568 572 1796 620 oportune

31 641 268 692 provisum
314 638 484 680 fuisset
528 638 749 679 canonice
793 639 838 678 et
883 639 1008 678 certe
1051 638 1264 679 electioni
1280 640 1308 689 ⁰)
1355 638 1498 680 futuri
1543 639 1798 691 pontificis,

30 711 249 762 secundo,
282 721 338 750 ne
373 709 542 760 aliquid
574 708 730 749 federe
764 709 961 759 petitum
984 708 1152 749 fuisset
1176 721 1258 759 pro
1284 712 1414 750 statu
1440 722 1538 751 suo.
1594 709 1798 761 Cumque

30 782 240 824 audisset
283 780 437 822 omnia
470 779 585 820 bene
619 779 849 830 disposita
883 791 988 820 esse
1024 780 1145 820 circa
1180 780 1385 821 futuram
1431 781 1705 822 electionem
1751 784 1796 822 et

28 853 149 904 quod
182 851 407 892 disercius
441 850 496 890 de
528 850 616 891 1100
649 862 731 901 1161·
762 850 944 901 publica
978 850 1258 891 documenta
1293 854 1449 892 certus
1477 851 1623 903 fieret,
1658 852 1798 903 quod-

29 935 114 975 que
148 923 203 964 de
237 922 307 963 sui
342 924 498 962 status
532 921 844 971 disposicione
876 921 1012 961 nichil
1047 921 1232 972 penitus
1273 925 1461 972 pactum
1504 921 1673 974 fuerat,
1717 922 1798 963 sed

28 994 157 1036 facta
189 993 343 1035 fuerat
377 992 530 1034 cessio
553 1004 665 1043 pure
689 994 736 1032 et
759 991 1097 1043 liberalissime,
1122 992 1267 1032 voluit
1292 992 1418 1033 istud
1443 993 1527 1033 sub
1551 994 1798 1034 iuramenti

29 1065 114 1105 sibi
157 1064 340 1106 vinculo
392 1062 579 1104 firmari.
651 1062 750 1112 Quo
799 1062 927 1104 facto
976 1063 1072 1104 Deo
1117 1064 1303 1114 gracias
1349 1063 1558 1105 referens
1604 1065 1797 1105 eundem

30 1135 284 1177 Thomeum
309 1134 497 1185 dimisit,
522 1137 571 1175 ut
598 1134 748 1175 cibum
763 1128 797 1185 ¹¹)
820 1134 1113 1184 quietemque
1138 1137 1358 1175 sumeret.
1394 1135 1592 1176 Instanti
1617 1135 1797 1186 quidem

27 1218 163 1247 mane
186 1205 496 1247 humilitatem
522 1208 567 1245 et
592 1205 852 1255 caritatem,
878 1216 994 1255 quas
1013 1205 1108 1246 alto
1129 1205 1205 1246 diu
1224 1205 1362 1247 corde
1380 1209 1612 1257 gesserat,
1636 1206 1797 1247 nolens

28 1277 224 1328 amplius
258 1275 560 1327 abscondere,
593 1276 760 1316 iterum
797 1275 1028 1316 altissimo
1052 1276 1238 1327 gracias
1273 1288 1417 1327 agens
1451 1277 1619 1317 summi
1649 1277 1799 1328 ponti-

28 1347 196 1388 ficatus
231 1347 359 1388 exuit
392 1346 600 1387 habitum
636 1348 682 1387 et
717 1346 1029 1387 cardinalibus
1064 1346 1123 1387 ad
1157 1358 1206 1387 se
1241 1347 1534 1388 venientibus
1581 1347 1665 1388 sub
1712 1348 1798 1388 hoc

26 1417 197 1460 effectu
229 1417 415 1459 locutus
449 1420 548 1458 est:
593 1415 709 1458 Olim
744 1419 904 1457 vester
937 1416 1000 1457 1111
1043 1420 1178 1468 pater
1211 1420 1255 1458 et
1296 1418 1449 1468 presul
1497 1431 1674 1470 vosque
1719 1419 1799 1460 ha-

27 1489 193 1530 buistis
217 1501 290 1529 me
313 1489 357 1529 in
376 1491 556 1540 patrem
576 1490 624 1529 et
643 1488 893 1528 dominum.
924 1488 1053 1529 Nunc
1074 1492 1245 1540 autem,
1270 1489 1375 1540 quia
1394 1490 1584 1540 papatui
1604 1488 1798 1531 Carolus

25 1560 210 1601 nomine
243 1560 333 1601 mei
367 1559 696 1609 renunctiavit,
744 1570 829 1599 vos
879 1559 1016 1600 modo
1062 1562 1112 1600 ut
1160 1559 1334 1600 fratres
1379 1559 1550 1601 habere
1597 1561 1703 1601 volo
1753 1564 1797 1601 et

26 1631 154 1672 velut
186 1630 335 1672 frater
368 1640 395 1672 a
428 1630 561 1672 vobis
594 1629 777 1670 haberi:
814 1630 909 1670 Ista
943 1642 1124 1681 quoque
1158 1632 1294 1671 tanta
1337 1630 1575 1672 hilaritate
1621 1631 1799 1672 1111111111-

24 1697 252 1754 ta[te]que
285 1701 663 1753 p1=0tulit„--quod,
699 1701 818 1741 sicut
854 1701 991 1741 michi
1038 1701 1237 1742 relatum
1284 1705 1371 1753 est,
1417 1714 1499 1753 pro
1546 1703 1798 1744 teneritate

28 1773 235 1814 cordium
269 1775 314 1813 et
363 1772 531 1823 gaudio
576 1783 712 1812 nemo
762 1771 885 1812 forte
934 1773 1197 1813 astancium
1214 1769 1244 1823 e)
1293 1774 1521 1815 continuit
1564 1775 1797 1816 lacrimas.

26 1844 90 1884 Eo
125 1843 307 1894 quidem
343 1844 427 1894 die,
461 1855 517 1883 ne
552 1842 705 1893 aliqua
750 1855 883 1884 mora
929 1843 973 1883 in
1017 1855 1070 1884 eo
1117 1842 1252 1894 foret,
1297 1844 1502 1886 litteram
1550 1845 1798 1897 magnifico

27 1914 162 1955 fratri
197 1926 301 1955 meo
336 1914 584 1955 Malateste
618 1913 706 1953 hiis
739 1925 904 1964 nempe
940 1914 1126 1964 scripsit
1163 1914 1342 1955 verbis:

202 1984 444 2036 Magnifice
477 1984 674 2034 domine,
716 1983 1001 2026 honorabilis
1041 1983 1100 2024 fili
1131 1985 1386 2027 carissime.
1452 1986 1566 2028 Post
1598 1987 1797 2029 salutem

145 2058 193 2096 et·
226 2056 430 2097 animum
465 2055 523 2096 ad
555 2056 692 2106 grata
731 2057 962 2105 paratum.
1027 2056 1142 2106 Quia
1175 2056 1261 2097 hac
1308 2059 1446 2099 nocte
1479 2057 1726 2099 habuimus
1772 2067 1798 2099 a

144 2125 389 2177 magnifico
424 2126 465 2167 d.
499 2126 590 2167 filio
624 2130 804 2178 nostro,
844 2126 1101 2168 honorabili
1135 2127 1381 2169 carissimo
1417 2128 1582 2170 Carolo
1617 2140 1798 2180 germa-

143 2209 202 2238 no
222 2199 303 2238 tuo
319 2209 400 2248 per
416 2197 807 2249 circumspectum
824 2198 987 2249 virum,
1005 2198 1183 2239 scilicet
1199 2197 1453 2240 Thomeum
1471 2200 1798 2241 cancellarium

145 2280 295 2319 suum,
315 2268 514 2319 qualiter
531 2270 811 2320 procurator
828 2272 875 2309 et
894 2268 1218 2320 procuratorio
1237 2271 1422 2311 nomine
1440 2273 1606 2311 nostro
1625 2271 1667 2310 in
1689 2271 1797 2311 civi-

144 2341 244 2379 tate
264 2337 619 2381 Const-anciensi
645 2340 702 2381 ad
726 2340 957 2381 Altissimi
980 2340 1162 2380 laudem
1187 2343 1233 2382 et
1257 2342 1452 2392 gloriam
1485 2341 1797 2382 renunctiavit

146 2410 336 2460 papatui
369 2412 534 2451 nostro
569 2423 651 2461 pro
686 2410 963 2451 scismatum
997 2410 1341 2462 exstirpacione
1376 2414 1420 2451 et
1460 2411 1796 2452 introducenda

146 2489 258 2531 pace
312 2482 360 2521 et
407 2480 574 2521 unione
622 2482 832 2533 ecclesie,
885 2494 972 2533 que
1022 2484 1175 2523 omnia
1230 2485 1389 2533 sperat
1437 2482 1552 2523 duce
1600 2482 1797 2522 Domino

146 2551 390 2600 provenire
435 2553 479 2591 et
526 2563 613 2592 nos
653 2552 787 2593 avide
834 2555 1149 2603 aspectamus,
1184 2553 1398 2593 duximus
1446 2555 1573 2593 tuam
1622 2553 1797 2602 magni-

145 2619 385 2662 ficenciam
426 2621 714 2674 avisandam,
749 2626 798 2663 ut
839 2623 1033 2674 populos
1067 2627 1111 2664 et
1148 2624 1264 2664 alios
1300 2623 1381 2664 tibi
1422 2623 1702 2671 commissos
1743 2623 1798 2664 (le

145 2691 234 2731 hiis
267 2691 428 2732 valeas
463 2693 648 2734 avisare
690 2705 771 2744 pro
814 2694 1071 2735 animarum
1116 2697 1161 2735 et
1207 2694 1492 2745 agendorum
1537 2694 1701 2745 salute,
1748 2696 1796 2734 ut

147 2761 364 2803 ammodo
398 2762 580 2804 dicatur
614 2764 737 2813 ,sede
766 2760 995 2815 vacante‘,
1030 2777 1270 2816 quousque
1296 2765 1421 2806 Deus
1454 2765 1631 2805 dederit
1666 2765 1710 2805 in
1744 2773 1798 2806 ea

147 2832 421 2873 canonicum
440 2845 779 2885 successorem,
804 2847 938 2886 quem
962 2835 1035 2875 ille
1058 2835 1283 2876 concedat
1307 2835 1502 2877 ecclesie
1528 2847 1609 2876 sue
1633 2837 1798 2876 sancte

148 2903 323 2945 clarum
365 2906 413 2944 et
454 2904 625 2946 bonum
667 2906 799 2946 iuxta
842 2906 1065 2957 temporis
1099 2906 1399 2958 exigenciam,
1442 2906 1507 2947 ita
1546 2906 1667 2957 quod
1712 2904 1796 2946 sub

147 3041 178 3070 a)
209 3039 251 3067 So
281 3040 340 3067 das
368 3040 530 3074 Folyemle
557 3041 745 3075 fehledmft.
798 3042 827 3074 b)
858 3042 905 3070 Hs
936 3043 1083 3075 reperiit.
1134 3048 1161 3069 cb
1191 3043 1239 3069 Hs
1269 3043 1404 3069 actioni.
1455 3042 1486 3075 (1)
1510 3042 1556 3068 Hs
1577 3042 1650 3068 cibi.
1701 3048 1729 3071 ei
1751 3043 1798 3069 Hs

30 3086 213 3112 astancius.

102 3155 122 3181 F
136 3155 146 3181 i
158 3163 178 3181 n
190 3155 210 3181 k
223 3163 240 3182 e
280 3157 364 3183 Acta
389 3156 521 3183 concilii
543 3157 821 3184 Constanciensis
842 3158 894 3185 111.
1529 3139 1584 3179 23
