<?xml version="1.0" encoding="UTF-8"?>
<!DOCTYPE html PUBLIC "-//W3C//DTD XHTML 1.0 Transitional//EN"
    "http://www.w3.org/TR/xhtml1/DTD/xhtml1-transitional.dtd">
<html xmlns="http://www.w3.org/1999/xhtml" xml:lang="en" lang="en">
 <head>
  <title>
</title>
<meta http-equiv="Content-Type" content="text/html;charset=utf-8" />
  <meta name='ocr-system' content='tesseract 3.04.00' />
  <meta name='ocr-capabilities' content='ocr_page ocr_carea ocr_par ocr_line ocrx_word'/>
</head>
<body>
  <div class='ocr_page' id='page_1' title='image "./actaconciliicons03counuoft_0504.png"; bbox 0 0 2178 3404; ppageno 0'>
   <div class='ocr_carea' id='block_1_1' title="bbox 291 143 1710 185">
    <p class='ocr_par' dir='ltr' id='par_1_1' title="bbox 291 143 1710 185">
     <span class='ocr_line' id='line_1_1' title="bbox 291 143 1710 185; baseline 0 -1"><span class='ocrx_word' id='word_1_1' title='bbox 291 143 378 184; x_wconf 76' lang='lat'>482</span> <span class='ocrx_word' id='word_1_2' title='bbox 648 152 706 184; x_wconf 84' lang='lat'><em>111.</em></span> <span class='ocrx_word' id='word_1_3' title='bbox 735 151 955 184; x_wconf 70' lang='lat' dir='ltr'>Abschnitt.</span> <span class='ocrx_word' id='word_1_4' title='bbox 1008 145 1197 184; x_wconf 70' lang='lat' dir='ltr'>Bmwdikt</span> <span class='ocrx_word' id='word_1_5' title='bbox 1226 146 1325 184; x_wconf 84' lang='lat' dir='ltr'><strong>XIII.</strong></span> <span class='ocrx_word' id='word_1_6' title='bbox 1354 151 1431 184; x_wconf 84' lang='lat' dir='ltr'>und</span> <span class='ocrx_word' id='word_1_7' title='bbox 1464 150 1534 185; x_wconf 78' lang='lat' dir='ltr'>das</span> <span class='ocrx_word' id='word_1_8' title='bbox 1562 151 1710 185; x_wconf 84' lang='lat' dir='ltr'>Konzil.</span> 
     </span>
    </p>
   </div>
   <div class='ocr_carea' id='block_1_2' title="bbox 293 257 2080 2505">
    <p class='ocr_par' dir='ltr' id='par_1_2' title="bbox 293 257 2075 1290">
     <span class='ocr_line' id='line_1_2' title="bbox 294 257 2065 313; baseline 0 -12"><span class='ocrx_word' id='word_1_9' title='bbox 294 262 403 312; x_wconf 87' lang='lat' dir='ltr'>tine,</span> <span class='ocrx_word' id='word_1_10' title='bbox 438 272 575 311; x_wconf 88' lang='lat' dir='ltr'>quam</span> <span class='ocrx_word' id='word_1_11' title='bbox 610 260 697 310; x_wconf 89' lang='lat' dir='ltr'>ipsi</span> <span class='ocrx_word' id='word_1_12' title='bbox 731 260 975 300; x_wconf 88' lang='lat' dir='ltr'>nominant</span> <span class='ocrx_word' id='word_1_13' title='bbox 1016 260 1258 300; x_wconf 88' lang='lat' dir='ltr'>concilium</span> <span class='ocrx_word' id='word_1_14' title='bbox 1294 257 1561 313; x_wconf 71' lang='lat' dir='ltr'>genei¹ale,·‘¹)</span> <span class='ocrx_word' id='word_1_15' title='bbox 1600 261 1658 302; x_wconf 89' lang='lat' dir='ltr'>ad</span> <span class='ocrx_word' id='word_1_16' title='bbox 1698 261 1869 302; x_wconf 86' lang='lat' dir='ltr'>dictam</span> <span class='ocrx_word' id='word_1_17' title='bbox 1912 262 2065 302; x_wconf 81' lang='lat' dir='ltr'>villam</span> 
     </span>
     <span class='ocr_line' id='line_1_3' title="bbox 293 330 2067 383; baseline 0 -11"><span class='ocrx_word' id='word_1_18' title='bbox 293 332 552 382; x_wconf 76' lang='lat' dir='ltr'>Pei-piniani</span> <span class='ocrx_word' id='word_1_19' title='bbox 598 331 816 381; x_wconf 72' lang='lat' dir='ltr'>applicuit</span> <span class='ocrx_word' id='word_1_20' title='bbox 849 332 897 371; x_wconf 91' lang='lat' dir='ltr'>et</span> <span class='ocrx_word' id='word_1_21' title='bbox 931 331 1001 371; x_wconf 89' lang='lat' dir='ltr'>die</span> <span class='ocrx_word' id='word_1_22' title='bbox 1035 330 1152 371; x_wconf 87' lang='lat' dir='ltr'>XXI.</span> <span class='ocrx_word' id='word_1_23' title='bbox 1188 331 1363 371; x_wconf 89' lang='lat' dir='ltr'>mensis</span> <span class='ocrx_word' id='word_1_24' title='bbox 1399 330 1687 382; x_wconf 72' lang='lat' dir='ltr'>Septembris</span> <span class='ocrx_word' id='word_1_25' title='bbox 1731 333 1835 372; x_wconf 86' lang='lat' dir='ltr'>anni</span> <span class='ocrx_word' id='word_1_26' title='bbox 1875 332 2067 383; x_wconf 87' lang='lat' dir='ltr'>predicti</span> 
     </span>
     <span class='ocr_line' id='line_1_4' title="bbox 294 396 2068 455; baseline -0.001 -12"><span class='ocrx_word' id='word_1_27' title='bbox 294 415 450 443; x_wconf 88' lang='lat' dir='ltr'>coram</span> <span class='ocrx_word' id='word_1_28' title='bbox 492 401 654 441; x_wconf 90' lang='lat' dir='ltr'>eodem</span> <span class='ocrx_word' id='word_1_29' title='bbox 690 401 730 441; x_wconf 92' lang='lat' dir='ltr'>d.</span> <span class='ocrx_word' id='word_1_30' title='bbox 764 414 806 441; x_wconf 93' lang='lat' dir='ltr'>n.</span> <span class='ocrx_word' id='word_1_31' title='bbox 847 414 967 452; x_wconf 87' lang='lat' dir='ltr'>papa</span> <span class='ocrx_word' id='word_1_32' title='bbox 1008 401 1185 452; x_wconf 90' lang='lat' dir='ltr'>publice</span> <span class='ocrx_word' id='word_1_33' title='bbox 1203 396 1235 453; x_wconf 73' lang='lat' dir='ltr'>b)</span> <span class='ocrx_word' id='word_1_34' title='bbox 1281 403 1526 452; x_wconf 74' lang='lat' dir='ltr'>proposuit</span> <span class='ocrx_word' id='word_1_35' title='bbox 1571 403 1887 455; x_wconf 87' lang='lat' dir='ltr'>supplicando,</span> <span class='ocrx_word' id='word_1_36' title='bbox 1934 403 2068 454; x_wconf 89' lang='lat' dir='ltr'>quod,</span> 
     </span>
     <span class='ocr_line' id='line_1_5' title="bbox 294 472 2069 524; baseline 0.001 -12"><span class='ocrx_word' id='word_1_37' title='bbox 294 485 395 513; x_wconf 83' lang='lat' dir='ltr'>cum</span> <span class='ocrx_word' id='word_1_38' title='bbox 432 473 530 522; x_wconf 88' lang='lat' dir='ltr'>ipse</span> <span class='ocrx_word' id='word_1_39' title='bbox 564 472 604 512; x_wconf 89' lang='lat' dir='ltr'>d.</span> <span class='ocrx_word' id='word_1_40' title='bbox 628 484 670 512; x_wconf 91' lang='lat' dir='ltr'>n.</span> <span class='ocrx_word' id='word_1_41' title='bbox 708 484 826 522; x_wconf 89' lang='lat' dir='ltr'>papa</span> <span class='ocrx_word' id='word_1_42' title='bbox 862 474 1051 522; x_wconf 89' lang='lat' dir='ltr'>propter</span> <span class='ocrx_word' id='word_1_43' title='bbox 1085 473 1412 523; x_wconf 75' lang='lat' dir='ltr'>antiquitatem</span> <span class='ocrx_word' id='word_1_44' title='bbox 1446 476 1492 514; x_wconf 81' lang='lat' dir='ltr'>et</span> <span class='ocrx_word' id='word_1_45' title='bbox 1527 474 1775 514; x_wconf 78' lang='lat' dir='ltr'>scienciam</span> <span class='ocrx_word' id='word_1_46' title='bbox 1808 487 1860 514; x_wconf 86' lang='lat' dir='ltr'>ac</span> <span class='ocrx_word' id='word_1_47' title='bbox 1884 473 2069 524; x_wconf 80' lang='lat' dir='ltr'>negoci-</span> 
     </span>
     <span class='ocr_line' id='line_1_6' title="bbox 294 541 2069 595; baseline 0 -12"><span class='ocrx_word' id='word_1_48' title='bbox 294 555 424 583; x_wconf 89' lang='lat' dir='ltr'>orum</span> <span class='ocrx_word' id='word_1_49' title='bbox 460 542 799 593; x_wconf 85' lang='lat' dir='ltr'>experienciam</span> <span class='ocrx_word' id='word_1_50' title='bbox 841 543 983 584; x_wconf 90' lang='lat' dir='ltr'>sciret</span> <span class='ocrx_word' id='word_1_51' title='bbox 1010 541 1158 594; x_wconf 61' lang='lat' dir='ltr'>vplus‘)</span> <span class='ocrx_word' id='word_1_52' title='bbox 1201 556 1338 594; x_wconf 89' lang='lat' dir='ltr'>quam</span> <span class='ocrx_word' id='word_1_53' title='bbox 1383 544 1548 595; x_wconf 86' lang='lat' dir='ltr'>aliquis</span> <span class='ocrx_word' id='word_1_54' title='bbox 1590 545 1634 584; x_wconf 91' lang='lat' dir='ltr'>in</span> <span class='ocrx_word' id='word_1_55' title='bbox 1677 544 1817 585; x_wconf 88' lang='lat' dir='ltr'>factis</span> <span class='ocrx_word' id='word_1_56' title='bbox 1860 544 2069 595; x_wconf 75' lang='lat' dir='ltr'>ecclesie,</span> 
     </span>
     <span class='ocr_line' id='line_1_7' title="bbox 294 613 2071 665; baseline 0.001 -12"><span class='ocrx_word' id='word_1_57' title='bbox 294 613 499 664; x_wconf 75' lang='lat' dir='ltr'>placeret</span> <span class='ocrx_word' id='word_1_58' title='bbox 533 613 617 653; x_wconf 91' lang='lat' dir='ltr'>sibi</span> <span class='ocrx_word' id='word_1_59' title='bbox 652 613 774 654; x_wconf 78' lang='lat' dir='ltr'>viam</span> <span class='ocrx_word' id='word_1_60' title='bbox 809 613 880 654; x_wconf 82' lang='lat' dir='ltr'>vel</span> <span class='ocrx_word' id='word_1_61' title='bbox 916 614 1017 654; x_wconf 77' lang='lat' dir='ltr'>vias</span> <span class='ocrx_word' id='word_1_62' title='bbox 1053 615 1277 665; x_wconf 86' lang='lat' dir='ltr'>apperire,</span> <span class='ocrx_word' id='word_1_63' title='bbox 1312 626 1393 665; x_wconf 86' lang='lat' dir='ltr'>per</span> <span class='ocrx_word' id='word_1_64' title='bbox 1426 627 1563 665; x_wconf 86' lang='lat' dir='ltr'>quam</span> <span class='ocrx_word' id='word_1_65' title='bbox 1589 615 1659 655; x_wconf 78' lang='lat' dir='ltr'>vel</span> <span class='ocrx_word' id='word_1_66' title='bbox 1686 627 1801 665; x_wconf 89' lang='lat' dir='ltr'>quas</span> <span class='ocrx_word' id='word_1_67' title='bbox 1826 615 1932 655; x_wconf 88' lang='lat' dir='ltr'>unio</span> <span class='ocrx_word' id='word_1_68' title='bbox 1961 626 2071 655; x_wconf 80' lang='lat' dir='ltr'>vera</span> 
     </span>
     <span class='ocr_line' id='line_1_8' title="bbox 294 680 2071 736; baseline 0.001 -13"><span class='ocrx_word' id='word_1_69' title='bbox 294 680 498 724; x_wconf 83' lang='lat' dir='ltr'>breviter</span> <span class='ocrx_word' id='word_1_70' title='bbox 521 684 563 723; x_wconf 91' lang='lat' dir='ltr'>in</span> <span class='ocrx_word' id='word_1_71' title='bbox 589 683 670 724; x_wconf 89' lang='lat' dir='ltr'>Dei</span> <span class='ocrx_word' id='word_1_72' title='bbox 695 684 893 725; x_wconf 87' lang='lat' dir='ltr'>ecclesia</span> <span class='ocrx_word' id='word_1_73' title='bbox 916 684 1181 725; x_wconf 86' lang='lat' dir='ltr'>haberetur.</span> <span class='ocrx_word' id='word_1_74' title='bbox 1245 685 1418 725; x_wconf 86' lang='lat' dir='ltr'>Deinde</span> <span class='ocrx_word' id='word_1_75' title='bbox 1443 685 1670 735; x_wconf 80' lang='lat' dir='ltr'>aliquibus</span> <span class='ocrx_word' id='word_1_76' title='bbox 1694 685 1866 736; x_wconf 87' lang='lat' dir='ltr'>elapsis</span> <span class='ocrx_word' id='word_1_77' title='bbox 1896 685 2071 736; x_wconf 89' lang='lat' dir='ltr'>diebus,</span> 
     </span>
     <span class='ocr_line' id='line_1_9' title="bbox 294 754 2071 807; baseline 0.002 -14"><span class='ocrx_word' id='word_1_78' title='bbox 294 754 336 794; x_wconf 88' lang='lat' dir='ltr'>in</span> <span class='ocrx_word' id='word_1_79' title='bbox 381 754 546 805; x_wconf 88' lang='lat' dir='ltr'>quibus</span> <span class='ocrx_word' id='word_1_80' title='bbox 589 754 708 794; x_wconf 89' lang='lat' dir='ltr'>idem</span> <span class='ocrx_word' id='word_1_81' title='bbox 753 755 968 795; x_wconf 90' lang='lat' dir='ltr'>dominus</span> <span class='ocrx_word' id='word_1_82' title='bbox 1002 756 1164 795; x_wconf 87' lang='lat' dir='ltr'>noster</span> <span class='ocrx_word' id='word_1_83' title='bbox 1206 756 1520 796; x_wconf 90' lang='lat' dir='ltr'>instrumenta</span> <span class='ocrx_word' id='word_1_84' title='bbox 1563 758 1610 796; x_wconf 89' lang='lat' dir='ltr'>et</span> <span class='ocrx_word' id='word_1_85' title='bbox 1653 756 1768 797; x_wconf 90' lang='lat' dir='ltr'>alias</span> <span class='ocrx_word' id='word_1_86' title='bbox 1812 756 2071 807; x_wconf 86' lang='lat' dir='ltr'>scripturas</span> 
     </span>
     <span class='ocr_line' id='line_1_10' title="bbox 295 820 2072 877; baseline 0.002 -13"><span class='ocrx_word' id='word_1_87' title='bbox 295 836 434 875; x_wconf 85' lang='lat' dir='ltr'>super</span> <span class='ocrx_word' id='word_1_88' title='bbox 467 825 615 875; x_wconf 79' lang='lat' dir='ltr'>gestis</span> <span class='ocrx_word' id='word_1_89' title='bbox 644 825 687 865; x_wconf 90' lang='lat' dir='ltr'>in</span> <span class='ocrx_word' id='word_1_90' title='bbox 722 820 893 877; x_wconf 87' lang='lat' dir='ltr'>dicta‘¹)</span> <span class='ocrx_word' id='word_1_91' title='bbox 928 826 1297 877; x_wconf 77' lang='lat' dir='ltr'>congregacione</span> <span class='ocrx_word' id='word_1_92' title='bbox 1333 827 1687 867; x_wconf 72' lang='lat' dir='ltr'>Constanciensi</span> <span class='ocrx_word' id='word_1_93' title='bbox 1720 829 1884 867; x_wconf 89' lang='lat' dir='ltr'>contra</span> <span class='ocrx_word' id='word_1_94' title='bbox 1916 827 2072 867; x_wconf 83' lang='lat' dir='ltr'>Balta-</span> 
     </span>
     <span class='ocr_line' id='line_1_11' title="bbox 296 894 2072 949; baseline 0.001 -13"><span class='ocrx_word' id='word_1_95' title='bbox 296 907 448 936; x_wconf 86' lang='lat' dir='ltr'>sarem</span> <span class='ocrx_word' id='word_1_96' title='bbox 485 894 612 936; x_wconf 67' lang='lat' dir='ltr'>(s&#39;oxa</span> <span class='ocrx_word' id='word_1_97' title='bbox 646 908 699 936; x_wconf 87' lang='lat' dir='ltr'>ac</span> <span class='ocrx_word' id='word_1_98' title='bbox 734 897 880 936; x_wconf 84' lang='lat' dir='ltr'>eciam</span> <span class='ocrx_word' id='word_1_99' title='bbox 906 908 986 947; x_wconf 87' lang='lat' dir='ltr'>per</span> <span class='ocrx_word' id='word_1_100' title='bbox 1019 899 1350 947; x_wconf 79' lang='lat' dir='ltr'>procuratores</span> <span class='ocrx_word' id='word_1_101' title='bbox 1376 896 1537 947; x_wconf 76' lang='lat' dir='ltr'>Angeli</span> <span class='ocrx_word' id='word_1_102' title='bbox 1563 896 1738 938; x_wconf 74' lang='lat' dir='ltr'>Corarii</span> <span class='ocrx_word' id='word_1_103' title='bbox 1774 897 1915 938; x_wconf 76' lang='lat' dir='ltr'>videri</span> <span class='ocrx_word' id='word_1_104' title='bbox 1948 897 2072 949; x_wconf 87' lang='lat' dir='ltr'>fecit,</span> 
     </span>
     <span class='ocr_line' id='line_1_12' title="bbox 294 965 2070 1018; baseline 0.001 -12"><span class='ocrx_word' id='word_1_105' title='bbox 294 966 480 1006; x_wconf 89' lang='lat' dir='ltr'>tandem</span> <span class='ocrx_word' id='word_1_106' title='bbox 532 966 602 1006; x_wconf 90' lang='lat' dir='ltr'>die</span> <span class='ocrx_word' id='word_1_107' title='bbox 649 966 744 1006; x_wconf 75' lang='lat' dir='ltr'>XV.</span> <span class='ocrx_word' id='word_1_108' title='bbox 781 965 998 1008; x_wconf 87' lang='lat' dir='ltr'>Octobris</span> <span class='ocrx_word' id='word_1_109' title='bbox 1045 968 1150 1007; x_wconf 90' lang='lat' dir='ltr'>anni</span> <span class='ocrx_word' id='word_1_110' title='bbox 1198 968 1391 1018; x_wconf 83' lang='lat' dir='ltr'>predicti</span> <span class='ocrx_word' id='word_1_111' title='bbox 1440 968 1564 1008; x_wconf 89' lang='lat' dir='ltr'>dicto</span> <span class='ocrx_word' id='word_1_112' title='bbox 1614 969 1708 1018; x_wconf 80' lang='lat' dir='ltr'>regi</span> <span class='ocrx_word' id='word_1_113' title='bbox 1754 968 2070 1009; x_wconf 77' lang='lat' dir='ltr'>Romanorum</span> 
     </span>
     <span class='ocr_line' id='line_1_13' title="bbox 295 1037 2073 1090; baseline 0.001 -13"><span class='ocrx_word' id='word_1_114' title='bbox 295 1037 415 1077; x_wconf 86' lang='lat' dir='ltr'>tradi</span> <span class='ocrx_word' id='word_1_115' title='bbox 450 1037 705 1085; x_wconf 77' lang='lat' dir='ltr'>mandavit,</span> <span class='ocrx_word' id='word_1_116' title='bbox 740 1040 877 1088; x_wconf 86' lang='lat' dir='ltr'>prout</span> <span class='ocrx_word' id='word_1_117' title='bbox 911 1040 1100 1078; x_wconf 84' lang='lat' dir='ltr'>constat</span> <span class='ocrx_word' id='word_1_118' title='bbox 1134 1050 1214 1088; x_wconf 89' lang='lat' dir='ltr'>per</span> <span class='ocrx_word' id='word_1_119' title='bbox 1249 1038 1476 1088; x_wconf 89' lang='lat' dir='ltr'>publicum</span> <span class='ocrx_word' id='word_1_120' title='bbox 1512 1039 1890 1090; x_wconf 87' lang='lat' dir='ltr'>instrumentum,</span> <span class='ocrx_word' id='word_1_121' title='bbox 1931 1051 2073 1090; x_wconf 89' lang='lat' dir='ltr'>quan-</span> 
     </span>
     <span class='ocr_line' id='line_1_14' title="bbox 295 1108 2071 1159; baseline 0.001 -11"><span class='ocrx_word' id='word_1_122' title='bbox 295 1109 399 1148; x_wconf 88' lang='lat' dir='ltr'>dam</span> <span class='ocrx_word' id='word_1_123' title='bbox 427 1108 635 1149; x_wconf 84' lang='lat' dir='ltr'>cedulam</span> <span class='ocrx_word' id='word_1_124' title='bbox 662 1109 839 1149; x_wconf 84' lang='lat' dir='ltr'>tenoris</span> <span class='ocrx_word' id='word_1_125' title='bbox 865 1109 1130 1159; x_wconf 88' lang='lat' dir='ltr'>sequentis:</span> <span class='ocrx_word' id='word_1_126' title='bbox 1157 1109 1266 1149; x_wconf 53' lang='lat' dir='ltr'>(stum</span> <span class='ocrx_word' id='word_1_127' title='bbox 1294 1121 1375 1159; x_wconf 89' lang='lat' dir='ltr'>per</span> <span class='ocrx_word' id='word_1_128' title='bbox 1400 1110 1751 1150; x_wconf 86' lang='lat' dir='ltr'>serenissimum</span> <span class='ocrx_word' id='word_1_129' title='bbox 1778 1141 1785 1149; x_wconf 93' lang='lat'><em>.</em></span> <span class='ocrx_word' id='word_1_130' title='bbox 1812 1141 1819 1149; x_wconf 93' lang='lat'><strong>.</strong></span> <span class='ocrx_word' id='word_1_131' title='bbox 1846 1141 1853 1149; x_wconf 95' lang='lat'><strong>.</strong></span> <span class='ocrx_word' id='word_1_132' title='bbox 1885 1110 2071 1150; x_wconf 81' lang='lat' dir='ltr'>videant</span> 
     </span>
     <span class='ocr_line' id='line_1_15' title="bbox 296 1176 2075 1231; baseline 0.001 -13"><span class='ocrx_word' id='word_1_133' title='bbox 296 1182 342 1219; x_wconf 87' lang='lat' dir='ltr'>et</span> <span class='ocrx_word' id='word_1_134' title='bbox 377 1179 676 1219; x_wconf 86' lang='lat' dir='ltr'>concordent.</span> <span class='ocrx_word' id='word_1_135' title='bbox 742 1179 786 1219; x_wconf 82' lang='lat' dir='ltr'>F.</span> <span class='ocrx_word' id='word_1_136' title='bbox 822 1176 1047 1231; x_wconf 75' lang='lat' dir='ltr'>Rovi1·a.1)</span> <span class='ocrx_word' id='word_1_137' title='bbox 1082 1211 1089 1218; x_wconf 93' lang='lat'><strong>.</strong></span> <span class='ocrx_word' id='word_1_138' title='bbox 1126 1211 1133 1218; x_wconf 97' lang='lat'>.</span> <span class='ocrx_word' id='word_1_139' title='bbox 1170 1211 1177 1219; x_wconf 90' lang='lat'><strong><em>.</em></strong></span> <span class='ocrx_word' id='word_1_140' title='bbox 1214 1179 1306 1220; x_wconf 81' lang='lat' dir='ltr'>Nos</span> <span class='ocrx_word' id='word_1_141' title='bbox 1343 1180 1450 1220; x_wconf 84' lang='lat' dir='ltr'>talis</span> <span class='ocrx_word' id='word_1_142' title='bbox 1485 1182 1533 1220; x_wconf 86' lang='lat' dir='ltr'>et</span> <span class='ocrx_word' id='word_1_143' title='bbox 1567 1180 1674 1220; x_wconf 90' lang='lat' dir='ltr'>talis</span> <span class='ocrx_word' id='word_1_144' title='bbox 1693 1176 1724 1231; x_wconf 69' lang='grc'>2)</span> <span class='ocrx_word' id='word_1_145' title='bbox 1771 1180 1983 1221; x_wconf 79' lang='lat' dir='ltr'>volumus</span> <span class='ocrx_word' id='word_1_146' title='bbox 2027 1182 2075 1221; x_wconf 92' lang='lat' dir='ltr'>et</span> 
     </span>
     <span class='ocr_line' id='line_1_16' title="bbox 294 1249 534 1290; baseline 0 -1"><span class='ocrx_word' id='word_1_147' title='bbox 294 1249 534 1290; x_wconf 89' lang='lat' dir='ltr'>habemus.</span> 
     </span>
    </p>

    <p class='ocr_par' dir='ltr' id='par_1_3' title="bbox 297 1320 2074 1512">
     <span class='ocr_line' id='line_1_17' title="bbox 416 1320 2074 1372; baseline 0.002 -13"><span class='ocrx_word' id='word_1_148' title='bbox 416 1320 526 1361; x_wconf 85' lang='lat' dir='ltr'>Post</span> <span class='ocrx_word' id='word_1_149' title='bbox 574 1320 658 1360; x_wconf 88' lang='lat' dir='ltr'>hec</span> <span class='ocrx_word' id='word_1_150' title='bbox 703 1320 743 1361; x_wconf 89' lang='lat' dir='ltr'>d.</span> <span class='ocrx_word' id='word_1_151' title='bbox 790 1332 831 1360; x_wconf 92' lang='lat' dir='ltr'>n.</span> <span class='ocrx_word' id='word_1_152' title='bbox 874 1330 995 1372; x_wconf 84' lang='lat' dir='ltr'>papa</span> <span class='ocrx_word' id='word_1_153' title='bbox 1030 1353 1037 1361; x_wconf 91' lang='lat'><strong><em>.</em></strong></span> <span class='ocrx_word' id='word_1_154' title='bbox 1074 1353 1081 1361; x_wconf 94' lang='lat'><strong>.</strong></span> <span class='ocrx_word' id='word_1_155' title='bbox 1119 1354 1124 1360; x_wconf 96' lang='lat'>.</span> <span class='ocrx_word' id='word_1_156' title='bbox 1173 1334 1275 1362; x_wconf 91' lang='lat' dir='ltr'>cum</span> <span class='ocrx_word' id='word_1_157' title='bbox 1323 1334 1415 1362; x_wconf 90' lang='lat' dir='ltr'>una</span> <span class='ocrx_word' id='word_1_158' title='bbox 1461 1322 1621 1363; x_wconf 88' lang='lat' dir='ltr'>cedula</span> <span class='ocrx_word' id='word_1_159' title='bbox 1661 1321 1820 1362; x_wconf 74' lang='lat' dir='ltr'>XXVI.</span> <span class='ocrx_word' id='word_1_160' title='bbox 1856 1321 2074 1363; x_wconf 86' lang='lat' dir='ltr'>Octobris</span> 
     </span>
     <span class='ocr_line' id='line_1_18' title="bbox 297 1390 2074 1443; baseline 0.002 -13"><span class='ocrx_word' id='word_1_161' title='bbox 297 1391 401 1430; x_wconf 89' lang='lat' dir='ltr'>anni</span> <span class='ocrx_word' id='word_1_162' title='bbox 437 1391 690 1441; x_wconf 86' lang='lat' dir='ltr'>supradicti</span> <span class='ocrx_word' id='word_1_163' title='bbox 725 1390 945 1442; x_wconf 87' lang='lat' dir='ltr'>exhibita,</span> <span class='ocrx_word' id='word_1_164' title='bbox 981 1392 1216 1442; x_wconf 89' lang='lat' dir='ltr'>practicas</span> <span class='ocrx_word' id='word_1_165' title='bbox 1251 1392 1367 1433; x_wconf 84' lang='lat' dir='ltr'>duas</span> <span class='ocrx_word' id='word_1_166' title='bbox 1403 1393 1582 1443; x_wconf 85' lang='lat' dir='ltr'>aperuit</span> <span class='ocrx_word' id='word_1_167' title='bbox 1618 1396 1661 1433; x_wconf 90' lang='lat' dir='ltr'>et</span> <span class='ocrx_word' id='word_1_168' title='bbox 1699 1393 1865 1433; x_wconf 91' lang='lat' dir='ltr'>obtulit</span> <span class='ocrx_word' id='word_1_169' title='bbox 1897 1394 2074 1434; x_wconf 88' lang='lat' dir='ltr'>tenoris</span> 
     </span>
     <span class='ocr_line' id='line_1_19' title="bbox 297 1462 562 1512; baseline 0 -11"><span class='ocrx_word' id='word_1_170' title='bbox 297 1462 536 1512; x_wconf 90' lang='lat' dir='ltr'>sequentis</span> <span class='ocrx_word' id='word_1_171' title='bbox 554 1476 562 1502; x_wconf 78' lang='grc' dir='ltr'>ε</span> 
     </span>
    </p>

    <p class='ocr_par' dir='ltr' id='par_1_4' title="bbox 297 1532 2076 1727">
     <span class='ocr_line' id='line_1_20' title="bbox 420 1532 2076 1586; baseline 0.002 -14"><span class='ocrx_word' id='word_1_172' title='bbox 420 1532 637 1583; x_wconf 84' lang='lat' dir='ltr'>Sequitur</span> <span class='ocrx_word' id='word_1_173' title='bbox 671 1533 878 1583; x_wconf 88' lang='lat' dir='ltr'>practica</span> <span class='ocrx_word' id='word_1_174' title='bbox 913 1545 1053 1584; x_wconf 86' lang='lat' dir='ltr'>super</span> <span class='ocrx_word' id='word_1_175' title='bbox 1085 1535 1161 1575; x_wconf 80' lang='lat' dir='ltr'>via</span> <span class='ocrx_word' id='word_1_176' title='bbox 1194 1535 1566 1575; x_wconf 87' lang='lat' dir='ltr'>renunciacionis</span> <span class='ocrx_word' id='word_1_177' title='bbox 1601 1567 1608 1574; x_wconf 93' lang='lat'><em>.</em></span> <span class='ocrx_word' id='word_1_178' title='bbox 1645 1567 1653 1575; x_wconf 89' lang='lat'><strong>.</strong></span> <span class='ocrx_word' id='word_1_179' title='bbox 1690 1567 1697 1575; x_wconf 90' lang='lat'><strong>.</strong></span> <span class='ocrx_word' id='word_1_180' title='bbox 1732 1536 1818 1575; x_wconf 90' lang='lat' dir='ltr'>nisi</span> <span class='ocrx_word' id='word_1_181' title='bbox 1855 1536 1986 1586; x_wconf 88' lang='lat' dir='ltr'>panis</span> <span class='ocrx_word' id='word_1_182' title='bbox 2029 1538 2076 1576; x_wconf 88' lang='lat' dir='ltr'>et</span> 
     </span>
     <span class='ocr_line' id='line_1_21' title="bbox 299 1603 2074 1656; baseline 0.002 -13"><span class='ocrx_word' id='word_1_183' title='bbox 299 1615 431 1654; x_wconf 90' lang='lat' dir='ltr'>aqua.</span> <span class='ocrx_word' id='word_1_184' title='bbox 497 1604 541 1643; x_wconf 76' lang='lat' dir='ltr'>F.</span> <span class='ocrx_word' id='word_1_185' title='bbox 576 1603 763 1644; x_wconf 81' lang='lat' dir='ltr'>Rovira.</span> <span class='ocrx_word' id='word_1_186' title='bbox 830 1604 942 1645; x_wconf 87' lang='lat' dir='ltr'>Post</span> <span class='ocrx_word' id='word_1_187' title='bbox 978 1617 1170 1655; x_wconf 85' lang='lat' dir='ltr'>quarum</span> <span class='ocrx_word' id='word_1_188' title='bbox 1208 1606 1521 1656; x_wconf 86' lang='lat' dir='ltr'>practicarum</span> <span class='ocrx_word' id='word_1_189' title='bbox 1558 1606 1850 1656; x_wconf 87' lang='lat' dir='ltr'>apercionem</span> <span class='ocrx_word' id='word_1_190' title='bbox 1888 1638 1895 1646; x_wconf 95' lang='lat'><strong>.</strong></span> <span class='ocrx_word' id='word_1_191' title='bbox 1931 1639 1939 1646; x_wconf 92' lang='lat'><strong>.</strong></span> <span class='ocrx_word' id='word_1_192' title='bbox 1975 1638 1982 1647; x_wconf 93' lang='lat'><em>.</em></span> <span class='ocrx_word' id='word_1_193' title='bbox 2019 1606 2074 1647; x_wconf 90' lang='lat' dir='ltr'>ab</span> 
     </span>
     <span class='ocr_line' id='line_1_22' title="bbox 297 1672 1058 1727; baseline 0.004 -14"><span class='ocrx_word' id='word_1_194' title='bbox 297 1674 395 1714; x_wconf 88' lang='lat' dir='ltr'>eius</span> <span class='ocrx_word' id='word_1_195' title='bbox 429 1674 672 1725; x_wconf 88' lang='lat' dir='ltr'>presencia</span> <span class='ocrx_word' id='word_1_196' title='bbox 705 1672 1058 1727; x_wconf 77' lang='lat' dir='ltr'>recesserunt.3)</span> 
     </span>
    </p>

    <p class='ocr_par' dir='ltr' id='par_1_5' title="bbox 298 1745 2078 2009">
     <span class='ocr_line' id='line_1_23' title="bbox 419 1745 2077 1799; baseline 0.002 -15"><span class='ocrx_word' id='word_1_197' title='bbox 419 1777 426 1785; x_wconf 94' lang='lat'>.</span> <span class='ocrx_word' id='word_1_198' title='bbox 463 1776 471 1785; x_wconf 87' lang='lat'><strong>.</strong></span> <span class='ocrx_word' id='word_1_199' title='bbox 508 1777 514 1784; x_wconf 96' lang='lat'><strong>.</strong></span> <span class='ocrx_word' id='word_1_200' title='bbox 550 1745 722 1785; x_wconf 89' lang='lat' dir='ltr'>Deinde</span> <span class='ocrx_word' id='word_1_201' title='bbox 757 1745 827 1786; x_wconf 90' lang='lat' dir='ltr'>die</span> <span class='ocrx_word' id='word_1_202' title='bbox 870 1747 1017 1787; x_wconf 83' lang='lat' dir='ltr'>tercia</span> <span class='ocrx_word' id='word_1_203' title='bbox 1056 1746 1334 1788; x_wconf 81' lang='lat' dir='ltr'>Novembris</span> <span class='ocrx_word' id='word_1_204' title='bbox 1381 1748 1486 1788; x_wconf 86' lang='lat' dir='ltr'>anni</span> <span class='ocrx_word' id='word_1_205' title='bbox 1532 1748 1726 1799; x_wconf 87' lang='lat' dir='ltr'>predicti</span> <span class='ocrx_word' id='word_1_206' title='bbox 1772 1748 1947 1789; x_wconf 87' lang='lat' dir='ltr'>tradita</span> <span class='ocrx_word' id='word_1_207' title='bbox 1990 1748 2077 1789; x_wconf 87' lang='lat' dir='ltr'>suit</span> 
     </span>
     <span class='ocr_line' id='line_1_24' title="bbox 299 1816 2078 1870; baseline 0.002 -15"><span class='ocrx_word' id='word_1_208' title='bbox 299 1816 444 1855; x_wconf 90' lang='lat' dir='ltr'>eidem</span> <span class='ocrx_word' id='word_1_209' title='bbox 480 1816 520 1856; x_wconf 92' lang='lat' dir='ltr'>d.</span> <span class='ocrx_word' id='word_1_210' title='bbox 555 1828 597 1856; x_wconf 91' lang='lat' dir='ltr'>n.</span> <span class='ocrx_word' id='word_1_211' title='bbox 634 1828 748 1867; x_wconf 87' lang='lat' dir='ltr'>pape</span> <span class='ocrx_word' id='word_1_212' title='bbox 783 1829 837 1856; x_wconf 84' lang='lat' dir='ltr'>ex</span> <span class='ocrx_word' id='word_1_213' title='bbox 873 1819 1005 1868; x_wconf 83' lang='lat' dir='ltr'>parte</span> <span class='ocrx_word' id='word_1_214' title='bbox 1040 1818 1149 1858; x_wconf 89' lang='lat' dir='ltr'>dicti</span> <span class='ocrx_word' id='word_1_215' title='bbox 1185 1818 1224 1858; x_wconf 93' lang='lat' dir='ltr'>d.</span> <span class='ocrx_word' id='word_1_216' title='bbox 1251 1818 1373 1868; x_wconf 78' lang='lat' dir='ltr'>regis</span> <span class='ocrx_word' id='word_1_217' title='bbox 1399 1818 1667 1868; x_wconf 78' lang='lat' dir='ltr'>Aragonum</span> <span class='ocrx_word' id='word_1_218' title='bbox 1694 1819 1890 1870; x_wconf 84' lang='lat' dir='ltr'>quedam</span> <span class='ocrx_word' id='word_1_219' title='bbox 1917 1819 2078 1860; x_wconf 83' lang='lat' dir='ltr'>cedula</span> 
     </span>
     <span class='ocr_line' id='line_1_25' title="bbox 298 1886 2078 1940; baseline 0.002 -14"><span class='ocrx_word' id='word_1_220' title='bbox 298 1886 476 1927; x_wconf 89' lang='lat' dir='ltr'>tenoris</span> <span class='ocrx_word' id='word_1_221' title='bbox 523 1888 790 1938; x_wconf 89' lang='lat' dir='ltr'>sequentis:</span> <span class='ocrx_word' id='word_1_222' title='bbox 864 1888 946 1928; x_wconf 88' lang='lat' dir='ltr'>Est</span> <span class='ocrx_word' id='word_1_223' title='bbox 1000 1889 1151 1929; x_wconf 79' lang='lat' dir='ltr'>visum</span> <span class='ocrx_word' id='word_1_224' title='bbox 1200 1890 1502 1930; x_wconf 91' lang='lat' dir='ltr'>serenissimo</span> <span class='ocrx_word' id='word_1_225' title='bbox 1558 1890 1599 1930; x_wconf 89' lang='lat' dir='ltr'>d.</span> <span class='ocrx_word' id='word_1_226' title='bbox 1647 1890 1936 1931; x_wconf 83' lang='lat' dir='ltr'>Ferdinando</span> <span class='ocrx_word' id='word_1_227' title='bbox 1984 1890 2078 1940; x_wconf 79' lang='lat' dir='ltr'>regi</span> 
     </span>
     <span class='ocr_line' id='line_1_26' title="bbox 301 1957 1310 2009; baseline 0.004 -13"><span class='ocrx_word' id='word_1_228' title='bbox 301 1957 570 2007; x_wconf 80' lang='lat' dir='ltr'>Aragonum</span> <span class='ocrx_word' id='word_1_229' title='bbox 607 1989 614 1997; x_wconf 91' lang='lat'><strong><em>.</em></strong></span> <span class='ocrx_word' id='word_1_230' title='bbox 652 1990 659 1998; x_wconf 95' lang='lat'><strong>.</strong></span> <span class='ocrx_word' id='word_1_231' title='bbox 697 1990 704 1998; x_wconf 92' lang='lat'>.</span> <span class='ocrx_word' id='word_1_232' title='bbox 738 1959 1007 2009; x_wconf 84' lang='lat' dir='ltr'>plenissima</span> <span class='ocrx_word' id='word_1_233' title='bbox 1042 1957 1310 2009; x_wconf 70' lang='lat' dir='ltr'>libe1¹tate.⁴)</span> 
     </span>
    </p>

    <p class='ocr_par' dir='ltr' id='par_1_6' title="bbox 302 2027 2079 2292">
     <span class='ocr_line' id='line_1_27' title="bbox 421 2027 2077 2083; baseline 0.003 -16"><span class='ocrx_word' id='word_1_234' title='bbox 421 2027 499 2068; x_wconf 54' lang='grc' dir='ltr'>(Ὗιιί</span> <span class='ocrx_word' id='word_1_235' title='bbox 551 2028 732 2079; x_wconf 89' lang='lat' dir='ltr'>quidem</span> <span class='ocrx_word' id='word_1_236' title='bbox 779 2030 937 2070; x_wconf 89' lang='lat' dir='ltr'>cedule</span> <span class='ocrx_word' id='word_1_237' title='bbox 979 2030 1098 2070; x_wconf 88' lang='lat' dir='ltr'>idem</span> <span class='ocrx_word' id='word_1_238' title='bbox 1135 2031 1175 2070; x_wconf 93' lang='lat' dir='ltr'>d.</span> <span class='ocrx_word' id='word_1_239' title='bbox 1210 2043 1251 2070; x_wconf 92' lang='lat' dir='ltr'>n.</span> <span class='ocrx_word' id='word_1_240' title='bbox 1295 2029 1459 2082; x_wconf 68' lang='lat' dir='ltr'>papa⁰)</span> <span class='ocrx_word' id='word_1_241' title='bbox 1505 2031 1744 2082; x_wconf 86' lang='lat' dir='ltr'>respondit</span> <span class='ocrx_word' id='word_1_242' title='bbox 1789 2032 1831 2072; x_wconf 92' lang='lat' dir='ltr'>in</span> <span class='ocrx_word' id='word_1_243' title='bbox 1879 2032 2077 2083; x_wconf 89' lang='lat' dir='ltr'>quadam</span> 
     </span>
     <span class='ocr_line' id='line_1_28' title="bbox 303 2097 2078 2152; baseline 0.003 -15"><span class='ocrx_word' id='word_1_244' title='bbox 303 2098 465 2138; x_wconf 81' lang='lat' dir='ltr'>cedula</span> <span class='ocrx_word' id='word_1_245' title='bbox 497 2099 643 2139; x_wconf 86' lang='lat' dir='ltr'>eidem</span> <span class='ocrx_word' id='word_1_246' title='bbox 680 2100 720 2139; x_wconf 91' lang='lat' dir='ltr'>d.</span> <span class='ocrx_word' id='word_1_247' title='bbox 755 2101 850 2150; x_wconf 82' lang='lat' dir='ltr'>regi</span> <span class='ocrx_word' id='word_1_248' title='bbox 886 2100 1154 2151; x_wconf 81' lang='lat' dir='ltr'>Aragonum</span> <span class='ocrx_word' id='word_1_249' title='bbox 1190 2101 1261 2141; x_wconf 92' lang='lat' dir='ltr'>die</span> <span class='ocrx_word' id='word_1_250' title='bbox 1287 2097 1429 2149; x_wconf 61' lang='lat' dir='ltr'>Vilis)</span> <span class='ocrx_word' id='word_1_251' title='bbox 1462 2102 1655 2152; x_wconf 89' lang='lat' dir='ltr'>predicti</span> <span class='ocrx_word' id='word_1_252' title='bbox 1680 2103 1856 2142; x_wconf 90' lang='lat' dir='ltr'>mensis</span> <span class='ocrx_word' id='word_1_253' title='bbox 1882 2103 2078 2143; x_wconf 82' lang='lat' dir='ltr'>Novem-</span> 
     </span>
     <span class='ocr_line' id='line_1_29' title="bbox 302 2169 2079 2224; baseline 0.003 -16"><span class='ocrx_word' id='word_1_254' title='bbox 302 2169 397 2209; x_wconf 85' lang='lat' dir='ltr'>bris</span> <span class='ocrx_word' id='word_1_255' title='bbox 431 2169 650 2221; x_wconf 86' lang='lat' dir='ltr'>exhibita,</span> <span class='ocrx_word' id='word_1_256' title='bbox 674 2173 726 2211; x_wconf 86' lang='lat' dir='ltr'>ut</span> <span class='ocrx_word' id='word_1_257' title='bbox 750 2173 941 2211; x_wconf 85' lang='lat' dir='ltr'>constat</span> <span class='ocrx_word' id='word_1_258' title='bbox 964 2183 1045 2222; x_wconf 87' lang='lat' dir='ltr'>per</span> <span class='ocrx_word' id='word_1_259' title='bbox 1068 2171 1298 2222; x_wconf 89' lang='lat' dir='ltr'>publicum</span> <span class='ocrx_word' id='word_1_260' title='bbox 1324 2172 1701 2224; x_wconf 76' lang='lat' dir='ltr'>instrumentum,</span> <span class='ocrx_word' id='word_1_261' title='bbox 1737 2174 1866 2213; x_wconf 90' lang='lat' dir='ltr'>cuius</span> <span class='ocrx_word' id='word_1_262' title='bbox 1897 2174 2079 2224; x_wconf 89' lang='lat' dir='ltr'>quidem</span> 
     </span>
     <span class='ocr_line' id='line_1_30' title="bbox 303 2239 1232 2292; baseline 0.003 -13"><span class='ocrx_word' id='word_1_263' title='bbox 303 2239 462 2280; x_wconf 88' lang='lat' dir='ltr'>cedule</span> <span class='ocrx_word' id='word_1_264' title='bbox 496 2242 632 2280; x_wconf 88' lang='lat' dir='ltr'>tenor</span> <span class='ocrx_word' id='word_1_265' title='bbox 666 2241 876 2292; x_wconf 85' lang='lat' dir='ltr'>sequitur</span> <span class='ocrx_word' id='word_1_266' title='bbox 909 2244 957 2282; x_wconf 89' lang='lat' dir='ltr'>et</span> <span class='ocrx_word' id='word_1_267' title='bbox 990 2244 1065 2282; x_wconf 91' lang='lat' dir='ltr'>est</span> <span class='ocrx_word' id='word_1_268' title='bbox 1099 2242 1232 2283; x_wconf 83' lang='lat' dir='ltr'>talis:</span> 
     </span>
    </p>

    <p class='ocr_par' dir='ltr' id='par_1_7' title="bbox 304 2310 2080 2505">
     <span class='ocr_line' id='line_1_31' title="bbox 422 2310 2079 2365; baseline 0.003 -15"><span class='ocrx_word' id='word_1_269' title='bbox 422 2310 492 2350; x_wconf 78' lang='lat' dir='ltr'>Ad</span> <span class='ocrx_word' id='word_1_270' title='bbox 532 2312 759 2362; x_wconf 88' lang='lat' dir='ltr'>praticam</span> <span class='ocrx_word' id='word_1_271' title='bbox 808 2312 994 2353; x_wconf 90' lang='lat' dir='ltr'>domino</span> <span class='ocrx_word' id='word_1_272' title='bbox 1028 2325 1070 2353; x_wconf 91' lang='lat' dir='ltr'>n.</span> <span class='ocrx_word' id='word_1_273' title='bbox 1106 2314 1153 2353; x_wconf 74' lang='lat' dir='ltr'>B.</span> <span class='ocrx_word' id='word_1_274' title='bbox 1188 2325 1305 2364; x_wconf 90' lang='lat' dir='ltr'>pape</span> <span class='ocrx_word' id='word_1_275' title='bbox 1339 2313 1452 2353; x_wconf 88' lang='lat' dir='ltr'>Xlll.</span> <span class='ocrx_word' id='word_1_276' title='bbox 1488 2326 1570 2364; x_wconf 87' lang='lat' dir='ltr'>pro</span> <span class='ocrx_word' id='word_1_277' title='bbox 1615 2316 1748 2365; x_wconf 85' lang='lat' dir='ltr'>parte</span> <span class='ocrx_word' id='word_1_278' title='bbox 1794 2315 2079 2355; x_wconf 86' lang='lat' dir='ltr'>serenissimi</span> 
     </span>
     <span class='ocr_line' id='line_1_32' title="bbox 304 2381 2080 2433; baseline 0.003 -13"><span class='ocrx_word' id='word_1_279' title='bbox 304 2381 344 2421; x_wconf 89' lang='lat' dir='ltr'>d.</span> <span class='ocrx_word' id='word_1_280' title='bbox 391 2382 514 2431; x_wconf 74' lang='lat' dir='ltr'>regis</span> <span class='ocrx_word' id='word_1_281' title='bbox 561 2382 828 2433; x_wconf 76' lang='lat' dir='ltr'>Aragonum</span> <span class='ocrx_word' id='word_1_282' title='bbox 878 2384 949 2423; x_wconf 91' lang='lat' dir='ltr'>die</span> <span class='ocrx_word' id='word_1_283' title='bbox 996 2384 1063 2423; x_wconf 91' lang='grc' dir='ltr'><strong>ΙΙΙ.</strong></span> <span class='ocrx_word' id='word_1_284' title='bbox 1112 2384 1388 2425; x_wconf 81' lang='lat' dir='ltr'>Novembris</span> <span class='ocrx_word' id='word_1_285' title='bbox 1435 2385 1539 2425; x_wconf 89' lang='lat' dir='ltr'>anni</span> <span class='ocrx_word' id='word_1_286' title='bbox 1581 2385 1762 2425; x_wconf 88' lang='lat' dir='ltr'>Domini</span> <span class='ocrx_word' id='word_1_287' title='bbox 1802 2385 2080 2426; x_wconf 55' lang='lat' dir='ltr'>MUt&#39;CCXV</span> 
     </span>
     <span class='ocr_line' id='line_1_33' title="bbox 305 2452 2080 2505; baseline 0.003 -14"><span class='ocrx_word' id='word_1_288' title='bbox 305 2452 508 2493; x_wconf 85' lang='lat' dir='ltr'>oblatam</span> <span class='ocrx_word' id='word_1_289' title='bbox 546 2454 723 2494; x_wconf 90' lang='lat' dir='ltr'>tenoris</span> <span class='ocrx_word' id='word_1_290' title='bbox 759 2455 1025 2505; x_wconf 86' lang='lat' dir='ltr'>sequentis:</span> <span class='ocrx_word' id='word_1_291' title='bbox 1092 2455 1175 2495; x_wconf 87' lang='lat' dir='ltr'>Est</span> <span class='ocrx_word' id='word_1_292' title='bbox 1210 2455 1359 2495; x_wconf 83' lang='lat' dir='ltr'>visum</span> <span class='ocrx_word' id='word_1_293' title='bbox 1387 2456 1690 2497; x_wconf 88' lang='lat' dir='ltr'>serenissimo</span> <span class='ocrx_word' id='word_1_294' title='bbox 1725 2456 1765 2496; x_wconf 90' lang='lat' dir='ltr'>d.</span> <span class='ocrx_word' id='word_1_295' title='bbox 1790 2456 2080 2497; x_wconf 85' lang='lat' dir='ltr'>Ferdinando</span> 
     </span>
    </p>
   </div>
   <div class='ocr_carea' id='block_1_3' title="bbox 424 2590 2082 2625">
    <p class='ocr_par' dir='ltr' id='par_1_8' title="bbox 424 2590 2082 2625">
     <span class='ocr_line' id='line_1_34' title="bbox 424 2590 2082 2625; baseline 0.002 -10"><span class='ocrx_word' id='word_1_296' title='bbox 424 2590 455 2622; x_wconf 85' lang='lat' dir='ltr'>a)</span> <span class='ocrx_word' id='word_1_297' title='bbox 477 2592 580 2623; x_wconf 81' lang='lat' dir='ltr'>Quam</span> <span class='ocrx_word' id='word_1_298' title='bbox 595 2606 625 2608; x_wconf 49' lang='grc' dir='ltr'><em>Ἦ</em></span> <span class='ocrx_word' id='word_1_299' title='bbox 639 2590 797 2623; x_wconf 61' lang='lat' dir='ltr'>generale</span> <span class='ocrx_word' id='word_1_300' title='bbox 811 2591 893 2625; x_wconf 69' lang='lat' dir='ltr'>fehlt</span> <span class='ocrx_word' id='word_1_301' title='bbox 912 2592 939 2618; x_wconf 70' lang='lat'>(¹.</span> <span class='ocrx_word' id='word_1_302' title='bbox 968 2591 999 2625; x_wconf 90' lang='lat' dir='ltr'>b)</span> <span class='ocrx_word' id='word_1_303' title='bbox 1021 2591 1115 2618; x_wconf 75' lang='lat' dir='ltr'>Fehlt</span> <span class='ocrx_word' id='word_1_304' title='bbox 1132 2591 1160 2619; x_wconf 84' lang='lat' dir='ltr'>C.</span> <span class='ocrx_word' id='word_1_305' title='bbox 1189 2592 1218 2625; x_wconf 76' lang='lat' dir='ltr'>c)</span> <span class='ocrx_word' id='word_1_306' title='bbox 1234 2591 1385 2624; x_wconf 62' lang='lat' dir='ltr'>C&#39;mass&#39;is.</span> <span class='ocrx_word' id='word_1_307' title='bbox 1415 2592 1446 2623; x_wconf 77' lang='lat' dir='ltr'>(l)</span> <span class='ocrx_word' id='word_1_308' title='bbox 1469 2591 1564 2619; x_wconf 65' lang='lat' dir='ltr'>Fehlt</span> <span class='ocrx_word' id='word_1_309' title='bbox 1584 2592 1612 2619; x_wconf 30' lang='lat'>(⁷¹.</span> <span class='ocrx_word' id='word_1_310' title='bbox 1646 2594 1676 2625; x_wconf 68' lang='grc' dir='ltr'>ε’)</span> <span class='ocrx_word' id='word_1_311' title='bbox 1698 2592 1790 2619; x_wconf 70' lang='lat' dir='ltr'>Fem!</span> <span class='ocrx_word' id='word_1_312' title='bbox 1807 2593 1836 2620; x_wconf 68' lang='lat' dir='ltr'>(J.</span> <span class='ocrx_word' id='word_1_313' title='bbox 1869 2592 1890 2618; x_wconf 60' lang='lat' dir='ltr'>su</span> <span class='ocrx_word' id='word_1_314' title='bbox 1917 2593 2082 2619; x_wconf 67' lang='lat' dir='ltr'>Cortum.</span> 
     </span>
    </p>
   </div>
   <div class='ocr_carea' id='block_1_4' title="bbox 305 2649 2082 3106">
    <p class='ocr_par' dir='ltr' id='par_1_9' title="bbox 305 2649 2082 2803">
     <span class='ocr_line' id='line_1_35' title="bbox 394 2649 2080 2695; baseline 0.002 -12"><span class='ocrx_word' id='word_1_315' title='bbox 394 2657 397 2660; x_wconf 70' lang='grc'><strong>“</strong></span> <span class='ocrx_word' id='word_1_316' title='bbox 427 2649 451 2691; x_wconf 70' lang='lat'>¹)</span> <span class='ocrx_word' id='word_1_317' title='bbox 478 2650 568 2684; x_wconf 73' lang='lat' dir='ltr'>Dies</span> <span class='ocrx_word' id='word_1_318' title='bbox 597 2652 679 2684; x_wconf 67' lang='lat' dir='ltr'>med</span> <span class='ocrx_word' id='word_1_319' title='bbox 708 2653 782 2685; x_wconf 69' lang='lat' dir='ltr'>das</span> <span class='ocrx_word' id='word_1_320' title='bbox 808 2652 1012 2693; x_wconf 71' lang='lat' dir='ltr'>Folslende,</span> <span class='ocrx_word' id='word_1_321' title='bbox 1041 2663 1114 2686; x_wconf 69' lang='lat' dir='ltr'>(ms</span> <span class='ocrx_word' id='word_1_322' title='bbox 1142 2654 1210 2686; x_wconf 77' lang='lat' dir='ltr'>der</span> <span class='ocrx_word' id='word_1_323' title='bbox 1239 2654 1276 2685; x_wconf 78' lang='lat' dir='ltr'>in</span> <span class='ocrx_word' id='word_1_324' title='bbox 1308 2663 1466 2687; x_wconf 72' lang='lat' dir='ltr'>unserer</span> <span class='ocrx_word' id='word_1_325' title='bbox 1495 2653 1620 2695; x_wconf 78' lang='lat' dir='ltr'>Qnelle</span> <span class='ocrx_word' id='word_1_326' title='bbox 1645 2652 1910 2695; x_wconf 56' lang='lat' dir='ltr'>diberliefertvu</span> <span class='ocrx_word' id='word_1_327' title='bbox 1935 2652 2080 2687; x_wconf 72' lang='lat' dir='ltr'>cedula</span> 
     </span>
     <span class='ocr_line' id='line_1_36' title="bbox 308 2709 2082 2755; baseline 0.002 -14"><span class='ocrx_word' id='word_1_328' title='bbox 308 2719 388 2742; x_wconf 72' lang='lat' dir='ltr'>vom</span> <span class='ocrx_word' id='word_1_329' title='bbox 416 2710 450 2741; x_wconf 71' lang='lat'>8.</span> <span class='ocrx_word' id='word_1_330' title='bbox 478 2709 692 2744; x_wconf 69' lang='lat' dir='ltr'>November.</span> <span class='ocrx_word' id='word_1_331' title='bbox 728 2722 756 2743; x_wconf 76' lang='lat' dir='ltr'>s.</span> <span class='ocrx_word' id='word_1_332' title='bbox 790 2722 838 2753; x_wconf 53' lang='lat' dir='ltr'>u„</span> <span class='ocrx_word' id='word_1_333' title='bbox 867 2711 1041 2745; x_wconf 54' lang='lat' dir='ltr'>Martem</span> <span class='ocrx_word' id='word_1_334' title='bbox 1076 2713 1109 2745; x_wconf 77' lang='lat' dir='ltr'>ct</span> <span class='ocrx_word' id='word_1_335' title='bbox 1136 2712 1319 2746; x_wconf 76' lang='lat' dir='ltr'>Dnraml.</span> <span class='ocrx_word' id='word_1_336' title='bbox 1362 2713 1535 2746; x_wconf 65' lang='lat' dir='ltr'>Veterum</span> <span class='ocrx_word' id='word_1_337' title='bbox 1564 2713 1794 2755; x_wconf 67' lang='lat' dir='ltr'>scriptorum</span> <span class='ocrx_word' id='word_1_338' title='bbox 1834 2713 2082 2755; x_wconf 42' lang='lat' dir='ltr'>anemis-sinz«,</span> 
     </span>
     <span class='ocr_line' id='line_1_37' title="bbox 305 2766 839 2803; baseline 0.002 -2"><span class='ocrx_word' id='word_1_339' title='bbox 305 2766 469 2801; x_wconf 77' lang='lat' dir='ltr'>collectio</span> <span class='ocrx_word' id='word_1_340' title='bbox 499 2768 571 2801; x_wconf 75' lang='lat' dir='ltr'>l&#39;II</span> <span class='ocrx_word' id='word_1_341' title='bbox 594 2769 839 2803; x_wconf 28' lang='lat' dir='ltr'>12ttsez212.</span> 
     </span>
    </p>

    <p class='ocr_par' dir='ltr' id='par_1_10' title="bbox 425 2821 1695 2872">
     <span class='ocr_line' id='line_1_38' title="bbox 425 2821 1695 2872; baseline 0.002 -13"><span class='ocrx_word' id='word_1_342' title='bbox 425 2825 452 2864; x_wconf 74' lang='lat'>²)</span> <span class='ocrx_word' id='word_1_343' title='bbox 479 2826 549 2860; x_wconf 77' lang='lat' dir='ltr'>Die</span> <span class='ocrx_word' id='word_1_344' title='bbox 583 2821 813 2872; x_wconf 65' lang='lat' dir='ltr'>Fbersehrift</span> <span class='ocrx_word' id='word_1_345' title='bbox 840 2829 894 2863; x_wconf 75' lang='lat' dir='ltr'>bei</span> <span class='ocrx_word' id='word_1_346' title='bbox 920 2830 1115 2863; x_wconf 64' lang='lat' dir='ltr'>Martcne:</span> <span class='ocrx_word' id='word_1_347' title='bbox 1142 2829 1268 2863; x_wconf 87' lang='lat' dir='ltr'>Tenor</span> <span class='ocrx_word' id='word_1_348' title='bbox 1294 2849 1337 2852; x_wconf 55' lang='lat'>—</span> <span class='ocrx_word' id='word_1_349' title='bbox 1364 2829 1456 2862; x_wconf 80' lang='lat' dir='ltr'>talis</span> <span class='ocrx_word' id='word_1_350' title='bbox 1482 2829 1578 2872; x_wconf 70' lang='lat' dir='ltr'>fehlt</span> <span class='ocrx_word' id='word_1_351' title='bbox 1603 2830 1695 2863; x_wconf 77' lang='lat' dir='ltr'>hier.</span> 
     </span>
    </p>

    <p class='ocr_par' dir='ltr' id='par_1_11' title="bbox 427 2884 1677 2930">
     <span class='ocr_line' id='line_1_39' title="bbox 427 2884 1677 2930; baseline 0.002 -12"><span class='ocrx_word' id='word_1_352' title='bbox 427 2884 454 2928; x_wconf 84' lang='lat'>³)</span> <span class='ocrx_word' id='word_1_353' title='bbox 482 2885 565 2919; x_wconf 75' lang='lat' dir='ltr'>Das</span> <span class='ocrx_word' id='word_1_354' title='bbox 593 2887 917 2929; x_wconf 58' lang='lat' dir='ltr'>Nz‘ichstfolgseude</span> <span class='ocrx_word' id='word_1_355' title='bbox 942 2888 1037 2930; x_wconf 68' lang='lat' dir='ltr'>fehlt</span> <span class='ocrx_word' id='word_1_356' title='bbox 1066 2900 1101 2923; x_wconf 76' lang='lat' dir='ltr'>a.</span> <span class='ocrx_word' id='word_1_357' title='bbox 1129 2900 1163 2922; x_wconf 73' lang='lat' dir='ltr'>a.</span> <span class='ocrx_word' id='word_1_358' title='bbox 1195 2889 1230 2923; x_wconf 81' lang='lat' dir='ltr'>O.</span> <span class='ocrx_word' id='word_1_359' title='bbox 1282 2888 1391 2923; x_wconf 73' lang='lat' dir='ltr'>Se‘elze</span> <span class='ocrx_word' id='word_1_360' title='bbox 1417 2890 1534 2923; x_wconf 51' lang='lat' dir='ltr'>¹meten</span> <span class='ocrx_word' id='word_1_361' title='bbox 1564 2888 1677 2922; x_wconf 79' lang='lat' dir='ltr'>Anw.</span> 
     </span>
    </p>

    <p class='ocr_par' dir='ltr' id='par_1_12' title="bbox 309 2943 2082 3106">
     <span class='ocr_line' id='line_1_40' title="bbox 427 2943 2082 2989; baseline -0.005 -3"><span class='ocrx_word' id='word_1_362' title='bbox 427 2943 453 2986; x_wconf 69' lang='lat'>⁴)</span> <span class='ocrx_word' id='word_1_363' title='bbox 481 2944 610 2979; x_wconf 71' lang='lat' dir='ltr'>Druck</span> <span class='ocrx_word' id='word_1_364' title='bbox 626 2946 817 2989; x_wconf 64' lang='lat' dir='ltr'>Raynald</span> <span class='ocrx_word' id='word_1_365' title='bbox 837 2948 890 2979; x_wconf 77' lang='lat' dir='ltr'>ad</span> <span class='ocrx_word' id='word_1_366' title='bbox 905 2958 941 2980; x_wconf 77' lang='grc' dir='ltr'>(ι.</span> <span class='ocrx_word' id='word_1_367' title='bbox 957 2948 1049 2981; x_wconf 68' lang='lat'><strong><em>1415</em></strong></span> <span class='ocrx_word' id='word_1_368' title='bbox 1066 2948 1129 2981; x_wconf 73' lang='lat' dir='ltr'>Nr.</span> <span class='ocrx_word' id='word_1_369' title='bbox 1148 2946 1290 2982; x_wconf 69' lang='lat' dir='ltr'><em>XLVII.</em></span> <span class='ocrx_word' id='word_1_370' title='bbox 1310 2948 1407 2982; x_wconf 70' lang='lat' dir='ltr'>vach</span> <span class='ocrx_word' id='word_1_371' title='bbox 1430 2947 1474 2980; x_wconf 80' lang='lat' dir='ltr'>B.</span> <span class='ocrx_word' id='word_1_372' title='bbox 1504 2948 1639 2980; x_wconf 59' lang='lat' dir='ltr'>Korn:</span> <span class='ocrx_word' id='word_1_373' title='bbox 1660 2948 1696 2980; x_wconf 88' lang='lat' dir='ltr'>Z.</span> <span class='ocrx_word' id='word_1_374' title='bbox 1718 2948 1762 2980; x_wconf 88' lang='lat'>13</span> <span class='ocrx_word' id='word_1_375' title='bbox 1780 2946 1933 2979; x_wconf 85' lang='lat' dir='ltr'>obiecto</span> <span class='ocrx_word' id='word_1_376' title='bbox 1952 2949 1994 2981; x_wconf 77' lang='lat' dir='ltr'>st.</span> <span class='ocrx_word' id='word_1_377' title='bbox 2015 2947 2082 2980; x_wconf 85' lang='lat' dir='ltr'>ab-</span> 
     </span>
     <span class='ocr_line' id='line_1_41' title="bbox 309 3002 2081 3048; baseline 0.002 -14"><span class='ocrx_word' id='word_1_378' title='bbox 309 3002 421 3035; x_wconf 79' lang='lat' dir='ltr'>iecto.</span> <span class='ocrx_word' id='word_1_379' title='bbox 437 3004 474 3036; x_wconf 83' lang='lat' dir='ltr'>Z.</span> <span class='ocrx_word' id='word_1_380' title='bbox 488 3004 534 3037; x_wconf 75' lang='lat'>25</span> <span class='ocrx_word' id='word_1_381' title='bbox 551 3003 773 3036; x_wconf 81' lang='lat' dir='ltr'>continetur</span> <span class='ocrx_word' id='word_1_382' title='bbox 788 3007 826 3037; x_wconf 80' lang='lat' dir='ltr'>et</span> <span class='ocrx_word' id='word_1_383' title='bbox 842 3004 888 3037; x_wconf 88' lang='lat' dir='ltr'>de</span> <span class='ocrx_word' id='word_1_384' title='bbox 904 3005 991 3038; x_wconf 85' lang='lat' dir='ltr'>aliis</span> <span class='ocrx_word' id='word_1_385' title='bbox 1005 3007 1049 3039; x_wconf 74' lang='lat' dir='ltr'>st.</span> <span class='ocrx_word' id='word_1_386' title='bbox 1066 3006 1298 3048; x_wconf 77' lang='lat' dir='ltr'>continetur,</span> <span class='ocrx_word' id='word_1_387' title='bbox 1318 3006 1364 3038; x_wconf 88' lang='lat' dir='ltr'>de</span> <span class='ocrx_word' id='word_1_388' title='bbox 1381 3005 1479 3038; x_wconf 88' lang='lat' dir='ltr'>aliis.</span> <span class='ocrx_word' id='word_1_389' title='bbox 1498 3007 1535 3039; x_wconf 85' lang='lat' dir='ltr'>Z.</span> <span class='ocrx_word' id='word_1_390' title='bbox 1550 3007 1597 3039; x_wconf 76' lang='lat'>26</span> <span class='ocrx_word' id='word_1_391' title='bbox 1611 3006 1805 3038; x_wconf 81' lang='lat' dir='ltr'>accedunt</span> <span class='ocrx_word' id='word_1_392' title='bbox 1822 3008 1865 3040; x_wconf 67' lang='lat' dir='ltr'>st.</span> <span class='ocrx_word' id='word_1_393' title='bbox 1882 3005 2081 3038; x_wconf 78' lang='lat' dir='ltr'>accedent.</span> 
     </span>
     <span class='ocr_line' id='line_1_42' title="bbox 309 3061 2082 3106; baseline 0.002 -12"><span class='ocrx_word' id='word_1_394' title='bbox 309 3062 345 3094; x_wconf 84' lang='lat' dir='ltr'>Z.</span> <span class='ocrx_word' id='word_1_395' title='bbox 364 3063 410 3094; x_wconf 76' lang='lat'>27</span> <span class='ocrx_word' id='word_1_396' title='bbox 430 3061 483 3094; x_wconf 81' lang='lat' dir='ltr'>sic</span> <span class='ocrx_word' id='word_1_397' title='bbox 502 3064 546 3096; x_wconf 83' lang='lat' dir='ltr'>st.</span> <span class='ocrx_word' id='word_1_398' title='bbox 566 3062 655 3095; x_wconf 81' lang='lat' dir='ltr'>sint.</span> <span class='ocrx_word' id='word_1_399' title='bbox 675 3063 712 3097; x_wconf 86' lang='lat' dir='ltr'>Z.</span> <span class='ocrx_word' id='word_1_400' title='bbox 731 3065 752 3096; x_wconf 82' lang='lat'><strong><em>5</em></strong></span> <span class='ocrx_word' id='word_1_401' title='bbox 773 3075 801 3097; x_wconf 75' lang='lat' dir='ltr'>r.</span> <span class='ocrx_word' id='word_1_402' title='bbox 824 3066 958 3097; x_wconf 72' lang='lat' dir='ltr'>meten:</span> <span class='ocrx_word' id='word_1_403' title='bbox 986 3065 1117 3098; x_wconf 69' lang='lat' dir='ltr'>Dieset·</span> <span class='ocrx_word' id='word_1_404' title='bbox 1135 3065 1227 3099; x_wconf 55' lang='lat' dir='ltr'>Sata*</span> <span class='ocrx_word' id='word_1_405' title='bbox 1250 3076 1324 3098; x_wconf 55' lang='grc' dir='ltr'>ητις</span> <span class='ocrx_word' id='word_1_406' title='bbox 1346 3066 1381 3099; x_wconf 79' lang='lat' dir='ltr'>C.</span> <span class='ocrx_word' id='word_1_407' title='bbox 1400 3066 1465 3098; x_wconf 67' lang='lat'>431</span> <span class='ocrx_word' id='word_1_408' title='bbox 1487 3076 1509 3098; x_wconf 79' lang='grc' dir='ltr'>(ι</span> <span class='ocrx_word' id='word_1_409' title='bbox 1528 3065 1563 3098; x_wconf 92' lang='lat' dir='ltr'>Z.</span> <span class='ocrx_word' id='word_1_410' title='bbox 1586 3067 1605 3097; x_wconf 82' lang='lat'>7</span> <span class='ocrx_word' id='word_1_411' title='bbox 1623 3064 1790 3106; x_wconf 61' lang='lat' dir='ltr'>sepefati</span> <span class='ocrx_word' id='word_1_412' title='bbox 1817 3067 1859 3098; x_wconf 72' lang='lat' dir='ltr'>st.</span> <span class='ocrx_word' id='word_1_413' title='bbox 1881 3063 2082 3106; x_wconf 49' lang='lat' dir='ltr'>sepefacti.</span> 
     </span>
    </p>
   </div>
  </div>
 </body>
</html>
