2178 3404
264 154 349 194 7260
622 165 678 196 Ill.
708 164 926 196 Absclmitt.
983 164 1167 197 {zonoiukt
1198 164 1295 197 XIII.
1325 165 1401 197 und
1430 165 1500 198 (las
1531 165 1675 198 Konzil.

262 274 591 313 sanctissimus
627 273 666 312 (l.
704 272 763 317 Ρ»,
800 273 930 312 cuius
966 272 1095 324 fides,
1145 273 1274 313 cilius
1310 273 1520 325 solercia,
1556 275 1686 315 cuius
1720 275 1862 326 labor,
1907 276 2035 317 cuius

261 344 454 393 (leuique
489 355 630 393 opera
670 343 913 383 fructuosa
948 343 1049 393 ipso
1085 344 1320 393 legacione
1362 344 1583 395 fungente
1616 345 1707 385 iam
1742 345 2033 386 illustrarunt

265 415 493 464 lspauiasg
528 425 662 463 reges
697 414 907 464 equidem
933 416 980 454 et
1004 426 1146 464 regna
1173 415 1372 454 Castellc
1407 416 1454 455 et
1488 415 1722 465 Aragonie
1757 415 1804 456 et
1828 417 2035 457 Navarre

261 485 454 524 summis
489 484 587 523 eius
611 484 791 535 vigiliis,
826 484 1090 524 indeffessis
1116 485 1296 533 studiis,
1331 486 1563 535 exquisita
1588 486 1830 536 diligencia
1864 487 2034 527 modis-

261 568 346 604 que
389 555 699 606 suavissimis,
743 555 1038 605 dulcissimis,
1084 556 1370 605 iustissimis,
1414 557 1806 606 prestantissimis
1849 559 1893 597 et
1939 570 2034 597 ser-

260 625 472 665 monibus
499 626 621 665 omui
658 626 988 675 acceptacione
1023 626 1308 673 dignissimis
1334 627 1582 666 veritatem
1620 628 1858 667 scismatis
1894 640 2034 675 agno-

262 698 439 741 verunt,
490 696 595 746 quin
646 697 790 736 eciam
840 708 1030 746 regnum
1085 697 1364 745 I'ortugalie.
1414 697 1487 737 ubi
1538 698 1721 738 obiecta
1771 698 2034 738 manifestis

258 767 543 807 auctoritate
579 767 792 817 periculis
828 766 1012 807 labores
1046 779 1216 817 graves
1252 779 1502 818 perpessus
1537 771 1624 809 est.
1676 769 1903 809 Veritatis
1938 768 2033 809 fere

259 838 377 888 apud
421 850 583 877 omnes
627 837 795 878 fructu.
839 840 884 877 ut
924 839 1265 878 verissimiliter
1300 839 1516 890 creditur,
1562 840 1748 879 minime
1789 840 2033 891 caruisset,

257 908 342 947 uisi
393 920 519 948 mors
566 909 957 949 excellentissinw
1008 909 1229 948 memorie
1276 910 1398 959 regis
1446 907 1768 961 Ferdinandil)
1813 911 2033 961 regnique

259 978 466 1019 turbines
516 979 761 1019 obstacula
813 980 1146 1029 prestitissent.
1213 980 1371 1030 Itaque
1417 980 1745 1030 Hispaniarum
1795 981 2032 1031 legacione

255 1050 458 1096 gloriose
493 1052 536 1090 et
563 1050 803 1090 fructuose
828 1050 958 1090 finita
992 1052 1035 1089 ct
1072 1050 1245 1090 relictis
1272 1063 1384 1100 pace
1409 1052 1577 1102 regnis,
1612 1052 1712 1101 lege
1746 1051 1951 1102 pluribus
1976 1064 2030 1092 ex

259 1121 419 1160 Iudeis.
456 1121 608 1171 quiete
642 1121 957 1169 monasteriis,
992 1121 1202 1161 ecclesiis
1238 1121 1410 1171 ordine,
1444 1123 1830 1162 universitatibus
1866 1122 2030 1173 forma,

256 1191 434 1231 clericis
479 1191 719 1241 disciplina
762 1192 1032 1242 populisque
1066 1192 1290 1232 virtuosis
1328 1193 1656 1242 operacionum
1691 1193 1928 1244 exemplis,
1974 1193 2029 1234 ab

256 1262 449 1311 Ispaniis
485 1264 681 1302 vocatur
716 1262 971 1302 mittendus
1006 1262 1168 1303 eadem
1202 1262 1415 1303 facturus
1450 1263 1492 1302 in
1523 1262 1693 1315 Galias,
1730 1264 2029 1304 serenissimo

254 1344 361 1381 rege
387 1332 671 1373 Francorum
701 1333 992 1383 egregiisque
1017 1333 1210 1373 ducibus
1245 1333 1395 1383 ipsum
1431 1334 1474 1373 in
1509 1334 1713 1384 legatum
1747 1335 2028 1386 petentibus,

254 1403 565 1443 cardinalibus
601 1404 782 1444 cunctis
818 1416 900 1444 sue
934 1405 1143 1445 nacionis
1178 1405 1429 1455 preteritis.
1480 1405 1681 1446 Mittitur
1714 1406 1871 1456 utique
1905 1406 2027 1456 lega-

253 1475 328 1513 tus
363 1474 406 1513 in
442 1473 685 1515 Franciam
721 1487 804 1515 nec
848 1475 996 1515 solum
1041 1475 1460 1515 reverendissimus
1504 1478 1749 1526 reputatur
1783 1489 1808 1516 a
1842 1475 2025 1528 Galicis,

253 1546 321 1583 set
359 1545 503 1585 eciam
530 1544 891 1596 benignissimus
926 1548 969 1586 et
1006 1546 1255 1587 cardinalis
1280 1546 1580 1597 dignissimus
1616 1546 1671 1587 ab
1697 1547 1902 1597 Anglicis
1927 1560 2057 1598 pre--·

250 1615 444 1656 dicatur.
522 1616 672 1657 Finita
722 1617 909 1657 tandem
960 1619 1150 1657 strenue
1206 1618 1443 1668 legacione
1492 1618 1696 1658 secunda
1745 1618 1799 1658 ad
1851 1619 2023 1659 curiam

251 1686 568 1727 Romanorum
604 1688 858 1729 revertitur
881 1687 1046 1738 ibique,
1083 1688 1212 1728 cuius
1235 1688 1516 1739 honestatis,
1551 1688 1804 1740 fidelitatis,
1838 1688 2026 1739 frugali-

248 1757 379 1809 tatis,
419 1757 737 1808 benignitatis,
780 1758 862 1798 zeli
898 1760 944 1798 et
978 1758 1129 1799 tocius
1165 1759 1523 1809 composicionis
1558 1760 1605 1799 et
1638 1759 1758 1809 apud
1793 1771 2023 1800 summum

249 1828 513 1878 pontificem
540 1831 587 1869 et
618 1829 737 1879 apud
764 1831 978 1869 sanctum
1005 1830 1246 1879 collegium
1274 1831 1516 1880 totamque
1552 1831 1724 1870 curiam
1762 1830 1885 1870 omni
1909 1832 2024 1870 ten]-

248 1911 359 1948 pore
408 1901 655 1950 reputatus
704 1900 873 1950 suerat,
923 1900 1136 1940 omnibus
1187 1903 1348 1941 notum
1400 1902 1486 1941 est.
1556 1901 1729 1951 Nempe
1776 1913 1868 1942 non
1917 1904 2024 1952 post

248 1970 420 2010 multos
469 1970 566 2010 dies
617 1971 802 2011 domino
853 1970 1090 2011 (affluente
1139 1971 1359 2012 defuncto
1409 1972 1452 2011 in
1502 1984 1670 2022 papam
1720 1972 1918 2024 eligitur,
1972 1974 2023 2012 ut

247 2041 459 2089 superius
505 2041 677 2081 dictum
714 2043 801 2081 est.
867 2042 1073 2093 Eligitur,
1120 2043 1321 2093 inquam,
1364 2054 1455 2083 non
1491 2042 1639 2082 solum
1676 2043 1774 2082 sine
1809 2042 2022 2093 precibus

248 2111 359 2159 suis,
404 2113 474 2151 set
520 2112 665 2152 eciam
702 2124 805 2152 cum
841 2113 999 2152 multis
1034 2115 1081 2152 et
1116 2113 1279 2153 validis
1315 2113 1700 2153 contradictionis
1742 2113 2022 2154 clamoribus

249 2182 561 2232 uberimisque
595 2182 875 2232 singultibus
910 2183 1221 2224 lacrimarum.
1276 2183 1471 2233 Eligitur
1496 2184 1678 2223 nemine
1712 2184 2021 2236 discrepante,

246 2252 286 2291 in
332 2254 531 2304 tantum,
577 2253 697 2303 quod
732 2253 850 2293 citra
893 2255 1078 2294 montes
1121 2254 1330 2295 nescitur
1372 2266 1590 2305 umquam
1623 2254 1897 2295 electionem
1932 2254 2022 2295 Ro-

246 2323 368 2362 mani
412 2323 642 2373 pontificis
676 2323 719 2363 in
755 2326 890 2364 tanta
935 2324 1185 2365 concordia
1227 2325 1531 2375 processisse.
1596 2325 1793 2373 Eligitur
1826 2325 2020 2376 denique

246 2392 300 2432 ab
337 2393 550 2434 omnibus
586 2394 789 2445 antiquis
825 2395 1136 2435 cardinalibus
1171 2398 1265 2435 tam
1305 2395 1360 2435 ab
1389 2396 1490 2447 illis,
1526 2396 1599 2446 qui
1634 2395 1943 2436 interfuerant
1976 2396 2020 2435 in

247 2466 463 2513 pretensa
498 2464 724 2505 electione
758 2465 1073 2505 nai-tholomei
1110 2466 1328 2505 Harensis
1364 2478 1499 2516 quam
1537 2466 1592 2506 ab
1627 2466 1728 2513 illis,
1763 2466 1837 2516 qui
1871 2467 2019 2516 elege-

244 2537 348 2573 runt
371 2534 670 2585 Clementem,
694 2547 778 2576 nec
802 2548 892 2576 non
913 2536 1058 2576 eciam
1081 2550 1107 2577 a
1127 2537 1360 2577 cardinale
1381 2537 1531 2577 sancti
1552 2537 1784 2579 Marcialis
1803 2539 2018 2587 promoto

244 2616 324 2653 per
357 2617 524 2655 papam
563 2606 856 2646 lnnocentem
894 2609 1096 2654 sextum„
1131 2608 1205 2658 qui
1238 2619 1323 2648 nec
1348 2607 1664 2647 Bartholomei
1697 2619 1781 2647 nec
1814 2607 2018 2647 Clemen-

244 2674 304 2713 tis
329 2675 542 2714 electioni
567 2675 847 2717 interfuerat
869 2689 952 2718 nec
977 2689 1069 2718 non
1093 2678 1150 2718 ab
1176 2678 1290 2729 aliis,
1315 2690 1431 2728 quos
1456 2678 1495 2718 d.
1521 2677 1733 2718 Clemens
1758 2678 2018 2718 cardinales

244 2746 503 2785 creaverat.
568 2746 756 2787 Electus
791 2749 865 2787 est
906 2750 1147 2797 postremo
1182 2748 1333 2798 magis
1373 2748 1653 2788 miraculose
1688 2760 1824 2798 quam
1861 2749 2017 2799 aliter3

187 2805 193 2806 ⁷
243 2815 344 2865 quis
369 2816 487 2855 enim
515 2816 702 2857 credere
726 2818 975 2869 potuisset,
1011 2819 1131 2869 quod
1164 2819 1414 2869 eligeretur
1439 2819 1508 2858 vir
1539 2818 1794 2859 maioribus
1822 2819 2017 2859 ecclesie

243 2886 448 2935 satrapis
495 2889 591 2927 tam
639 2890 911 2940 suspectus,
959 2890 1032 2939 qui
1083 2889 1228 2929 eciam
1274 2889 1461 2929 vivente
1505 2887 1740 2930 (affluente
1786 2889 1881 2939 pati
1923 2900 2014 2929 non

245 2959 430 3005 poterat
454 2969 608 2997 mores
644 2959 837 3009 illorum,
873 2960 945 3010 qui
982 2960 1343 3000 contradicendo
1378 2960 1577 2999 faciliter
1610 2960 1707 2999 eius
1741 2959 2011 2999 electionem

366 3060 387 3102 ¹j=
420 3061 462 3093 Κ.
494 3061 729 3093 ferdinand
760 3061 784 3093 Ῑ.
815 3072 884 3094 ron
915 3060 1105 3103 Pal-{nysa
1130 3061 1237 3094 stari)
1265 3062 1362 3094 1383.
