2178 3404
523 127 649 161 Briefe
675 127 733 161 bis
762 137 828 160 zur
847 127 1071 169 Absetzung
1096 125 1272 165 Johanns
1299 125 1435 159 XXIII.
1783 116 1864 157 271

98 236 395 288 magnatibus
429 236 484 277 de
517 236 663 287 ipsius
696 236 820 287 regis
856 236 1080 286 sanguine
1115 238 1159 275 et
1197 235 1475 275 conciliariis
1509 235 1564 275 ad
1606 232 1865 275 habendum

99 308 326 359 colloquia
379 310 427 348 et
480 307 844 349 deliberaciones
897 307 984 347 illic
1035 307 1231 346 invicem
1285 306 1582 356 congregatis
1626 309 1671 346 et
1721 306 1869 347 consi-

98 378 273 419 deratis
314 378 437 419 inter
479 381 635 419 cetera
670 382 714 418 et
758 378 972 428 precipue
1017 378 1124 418 dicti
1170 378 1295 428 regni
1343 377 1701 427 disposicionem
1737 377 1870 418 valde

97 461 289 500 gravem
313 453 359 490 et
394 449 669 490 damnosam
696 461 749 490 ac
773 449 1081 498 periculosam
1115 450 1333 490 existere.
1367 448 1573 498 prelatos
1607 448 1869 489 huiusmodi

98 522 145 561 et
178 522 349 571 certos,
383 531 465 570 pro
506 519 669 570 quibus
708 532 790 569 per
824 530 910 559 nos
957 522 1060 559 erat
1105 519 1374 559 mandatum
1422 519 1704 563 indistincte.
1752 520 1871 570 quod

99 591 156 632 ad
188 591 338 642 ipsum
374 590 617 631 concilium
652 591 864 631 venirent
909 591 981 631 vel
1016 591 1271 630 mitterent.
1318 594 1365 629 ut
1416 590 1659 640 prefertur.
1709 603 1872 632 omnes

97 662 202 702 illuc
237 661 472 712 accedere,
507 662 595 712 qui.
637 673 738 702 cum
776 661 982 702 parisius
1025 663 1286 711 propterea.
1322 665 1369 699 ut
1417 662 1717 711 premittitur,v
1766 675 1872 703 con-

100 733 353 783 x⁷enissent‚
386 744 467 783 per
500 733 649 783 ipsum
685 744 842 783 regem
877 733 1066 783 eiusque
1102 733 1342 773 consilium
1380 733 1684 773 deliberatum
1715 734 1873 774 extitit

99 806 147 844 et
186 803 469 853 conclusum,
510 803 631 854 quod
672 803 821 844 solum
864 804 978 844 certi
1018 815 1072 843 ex
1118 804 1331 844 omnibus
1371 804 1632 845 huiusmodi
1680 805 1872 855 prelatis

100 883 152 915 ac
187 874 261 915 alii
295 874 498 915 nonnulli
533 874 767 915 doctores.
802 875 1015 925 magistri
1051 877 1095 914 et
1132 875 1360 915 licenciati
1408 875 1450 914 in
1487 875 1685 915 diversis
1730 875 1873 916 facul-

99 944 276 986 tatibus
311 947 420 986 tunc
455 945 510 986 de
545 930 749 996 qualibet
787 945 1023 996 provincia
1069 941 1196 995 regni
1230 946 1423 996 predicti
1470 946 1525 985 ad
1571 946 1614 985 id
1648 947 1872 987 nominati

99 1017 147 1056 et
180 1015 328 1065 electi,
363 1016 436 1066 qui
471 1016 609 1057 utiles
643 1018 689 1056 et
726 1016 819 1066 apti
856 1028 937 1066 pro
973 1016 1165 1066 agendis
1190 1017 1233 1056 in
1267 1017 1368 1056 illis.
1404 1018 1557 1067 quein
1582 1018 1707 1057 dicto
1738 1030 1874 1068 gene-

100 1086 183 1128 rali
219 1086 412 1127 concilio
445 1087 741 1127 imminerent
764 1087 1112 1137 pertractanda.
1136 1088 1287 1128 nuncii
1314 1088 1357 1127 111
1380 1087 1466 1128 hoc
1493 1092 1874 1139 representantes

101 1157 228 1209 regni
261 1157 524 1198 huiusmodi
558 1170 611 1198 ac
646 1157 791 1208 ipsius
816 1158 943 1208 regni
973 1158 1220 1199 ecclesiam
1245 1170 1327 1207 pro
1352 1159 1540 1200 eisdem.
1565 1159 1623 1199 ad
1647 1171 1875 1200 memora-

101 1230 199 1268 tum
234 1228 450 1278 generale
485 1228 727 1269 concilium
763 1229 1062 1269 mitterentur
1096 1229 1197 1269 aliis
1232 1229 1425 1278 prelatis
1470 1233 1514 1269 et
1564 1231 1747 1272 ceteris.
1794 1243 1874 1282 pro

102 1297 266 1349 quibus
299 1299 462 1349 eciam,
505 1301 556 1339 ut
589 1299 647 1339 ad
682 1299 940 1350 predictum
977 1300 1217 1341 concilium
1263 1300 1555 1341 accederent.
1602 1301 1872 1342 mandatum

102 1369 257 1410 fuerat
289 1372 342 1410 ut
372 1369 619 1420 prefertun
652 1370 696 1410 in
731 1370 855 1411 dicto
890 1382 1032 1421 regno
1067 1373 1207 1421 atque
1248 1371 1344 1411 suis
1379 1371 1590 1411 ecclesiis
1634 1384 1875 1412 remanen-

101 1439 225 1480 tibus
259 1451 341 1490 pro
364 1439 485 1481 bono
510 1443 640 1482 statu
664 1442 790 1492 regni
816 1444 863 1482 et
887 1442 1083 1482 ecclesie
1106 1441 1420 1492 prefatorum:
1457 1443 1538 1482 sed
1562 1454 1642 1493 pro
1667 1443 1873 1493 ipsorum

100 1514 210 1551 tunc
245 1511 579 1551 mittendorum
616 1512 990 1553 ambaxiatorum
1026 1516 1074 1553 et
1110 1513 1244 1563 viagii
1280 1513 1610 1563 supportandis
1657 1514 1874 1554 oneribus

102 1584 150 1621 et
181 1581 413 1631 expensis,
449 1594 552 1622 cum
587 1583 631 1622 in
666 1583 751 1623 hoc
787 1584 934 1624 totius
970 1585 1097 1634 regni
1123 1588 1168 1624 et
1205 1585 1303 1624 eius
1333 1584 1528 1624 ecclesie
1561 1585 1873 1635 predictorum

104 1663 348 1692 commune
381 1653 622 1703 negocium
659 1658 889 1704 ageretur.
925 1655 1188 1695 ordinatum
1214 1654 1314 1695 fuit.
1341 1658 1386 1695 ut
1415 1659 1592 1695 certum
1619 1655 1874 1696 subsidium

104 1722 161 1762 ad
185 1723 391 1763 valorem
428 1724 561 1764 unius
596 1724 772 1765 decime
796 1726 839 1765 111
874 1726 1015 1765 certis
1050 1726 1314 1776 provinciis.
1349 1727 1392 1765 111
1427 1726 1527 1766 aliis
1559 1730 1715 1766 autem
1742 1727 1876 1766 semi-

104 1793 280 1834 decime
314 1794 385 1834 vel
419 1806 499 1844 per
533 1795 718 1836 modum
756 1796 962 1836 subsidii.
1002 1800 1137 1847 prout
1175 1797 1238 1837 rei
1279 1800 1321 1836 et
1358 1798 1508 1847 patrie
1550 1797 1752 1847 qualitas
1786 1798 1878 1838 exi-

104 1863 259 1914 gebat,
293 1865 506 1905 videlicet
543 1877 683 1916 super
705 1867 912 1916 prelatos
947 1870 991 1907 et
1029 1867 1197 1908 clerum
1226 1867 1468 1907 cuiuslibet
1507 1868 1740 1918 provincie
1770 1868 1877 1909 dicti

105 1935 233 1985 regni
293 1935 620 1986 imponendum
685 1939 824 1987 atque
891 1938 1135 1978 levandum
1198 1939 1339 1978 certis
1404 1939 1732 1979 executoribus
1798 1951 1876 1979 seu

106 2005 444 2046 commissariis
464 2006 533 2046 vel
554 2007 875 2057 receptoribus
895 2009 952 2048 ad
971 2008 1055 2049 1101·
1077 2008 1314 2058 deputatis
1334 2009 1391 2049 ad
1411 2021 1545 2049 usum
1567 2013 1876 2050 memoratum

107 2075 392 2127 solveretur3
427 2077 638 2128 quodque
674 2079 957 2127 successive,
991 2082 1241 2130 postquam
1267 2080 1433 2131 prefati
1460 2081 1589 2120 missi
1623 2093 1704 2121 seu
1728 2082 1879 2121 nuncii

107 2146 164 2186 ad
197 2146 370 2188 dictum
413 2148 657 2188 concilium
703 2151 747 2189 et
793 2150 1032 2190 civitatem
1069 2151 1484 2191 t'onstanciensem
1532 2154 1771 2193 venerant.
1817 2153 1880 2192 in-

108 2216 398 2260 tellexerunt.
441 2218 562 2269 quod
604 2208 807 2260 nonnulli
842 2231 899 2260 ex
933 2221 1107 2261 eisdem
1148 2222 1341 2271 prelatis
1377 2224 1421 2261 et
1457 2222 1578 2262 clero
1612 2222 1883 2262 nitebantur

108 2287 331 2328 solucioni
367 2288 558 2329 subsidii
591 2290 854 2331 huiusmodi
891 2292 1212 2333 contradicere
1240 2293 1439 2342 illudque
1464 2293 1646 2332 solvere
1670 2293 1724 2333 de
1755 2292 1882 2334 facto

108 2357 404 2409 recusabant,
438 2362 484 2400 et
518 2361 701 2411 quidam
738 2373 913 2411 eorum,
947 2374 1003 2401 ne
1038 2363 1093 2402 ad
1130 2363 1516 2403 contribuemlum
1551 2375 1632 2412 pro
1668 2367 1771 2404 rata
1802 2375 1882 2404 eos

110 2430 332 2478 tangente
356 2429 616 2471 huiusmodi
647 2432 836 2472 subsidii
874 2436 1167 2482 cogerentuiu
1203 2433 1246 2472 in
1271 2445 1433 2472 vocem
1471 2433 1800 2483 appellacionis
1826 2434 1884 2474 ad

111 2498 268 2539 sedem
292 2501 599 2550 apostolicam
634 2506 942 2552 proruperant
969 2505 1013 2543 et
1041 2514 1179 2553 super
1202 2503 1516 2553 appellacione
1540 2503 1667 2554 ipsas
1691 2507 1882 2545 nostras

110 2567 294 2610 litteras
313 2582 395 2610 seu
415 2572 772 2613 commissiones
789 2573 846 2613 ad
868 2576 1023 2613 certos
1044 2573 1216 2613 iudices
1233 2585 1314 2624 per
1328 2585 1414 2613 nos
1431 2574 1497 2614 eis
1514 2574 1766 2624 deputatos
1785 2577 1882 2615 tam

110 2639 155 2678 in
180 2640 306 2681 curia
325 2640 535 2682 Romana
560 2654 696 2693 quam
717 2643 760 2682 111
784 2644 872 2684 illis
897 2644 1108 2693 partibus
1133 2647 1452 2694 reportarunt:
1477 2648 1523 2685 et
1547 2645 1601 2684 de
1622 2645 1748 2686 facto
1772 2657 1884 2686 non-

111 2710 261 2751 nullos
284 2711 493 2751 fecerunt
520 2714 768 2753 conveniri.
804 2717 1080 2764 satagentes
1104 2726 1183 2764 per
1211 2715 1294 2754 1101·
1326 2715 1516 2754 subsidii
1545 2716 1737 2765 predicti
1764 2716 1885 2756 solu-

115 2780 291 2821 cionem
309 2782 653 2831 quomodolibet
669 2784 889 2834 impedire
904 2796 983 2824 seu
1001 2785 1180 2825 evitare
1194 2788 1275 2825 aut
1288 2785 1454 2825 saltem
1470 2786 1654 2826 differre
1667 2786 1884 2836 qualiter-

116 2861 323 2902 cumque,
333 2853 543 2903 perquod
553 2854 699 2894 eciam
715 2855 1003 2905 contingeret
1016 2855 1167 2895 dictos
1181 2856 1353 2896 missos
1368 2859 1449 2897 aut
1461 2857 1654 2897 nuncios
1668 2857 1711 2896 in
1722 2856 1883 2897 eodem

116 2921 318 2970 generali
338 2923 531 2964 concilio
550 2925 809 2965 existentes
831 2936 973 2965 onera.
991 2927 1037 2965 et
1054 2937 1286 2976 expensas
1305 2926 1601 2967 necessarias
1622 2926 1776 2966 subire
1794 2938 1883 2966 non

118 3001 270 3042 posse,
304 2992 438 3043 idque
473 2994 635 3035 cedere
668 2998 833 3045 posset
864 2996 909 3035 in
942 2996 1114 3036 malum
1139 2997 1400 3046 exemplum
1425 3008 1535 3047 erga
1562 3000 1745 3037 ceteros
1776 2997 1884 3037 dicti
