2178 3404
713 141 754 174 K.
783 141 1005 183 sigis-mund
1035 151 1081 173 an
1113 141 1261 179 (iret-ror
1290 139 1369 173 xli.
1843 131 1928 170 2315)

155 253 449 303 tranquillum
486 252 671 292 redierit
704 252 758 292 ad
795 251 1010 302 quietem.
1069 250 1235 290 Verum
1271 249 1455 289 humani
1491 249 1674 298 generis
1703 249 1929 289 inimicus.

155 324 282 374 pacis
317 323 584 374 impaciens.
630 325 815 362 amator
850 322 1016 361 licium.
1057 320 1287 361 discordie
1322 320 1593 360 seminator.
1640 319 1790 359 utrius
1826 331 1927 369 pro-

155 393 354 435 fectibus
388 393 599 433 invidens
634 393 857 433 zizaniam
894 392 1158 435 seminavit,
1195 390 1514 431 contencionis
1551 390 1795 430 materiam
1828 402 1929 430 sus-

155 464 334 505 citavit.
399 462 555 504 Crevit
571 462 604 514 a)
645 474 844 513 namque
887 474 1215 512 perversorum
1252 461 1460 501 audacia.
1507 461 1709 511 ipsorum
1755 460 1930 501 habun-

155 536 295 576 dante
330 534 513 575 malicia.
554 534 695 574 sentit
739 533 896 584 utique
932 533 1050 573 alma
1096 535 1248 572 mater
1291 532 1487 572 ecclesia
1524 534 1621 571 tam
1656 531 1808 581 populi
1844 531 1928 571 sibi

155 605 393 647 commissi
428 617 563 656 quain
601 617 733 645 suam
757 616 947 656 gravem
974 607 1018 643 et
1045 603 1349 653 dampnosam
1377 600 1605 643 iacturam
1632 604 1679 642 et
1702 613 1929 642 novorum

153 676 477 727 gravaminum
513 675 757 716 molestias
798 675 1048 725 experitur.
1096 674 1201 713 dum
1252 673 1443 713 cottidie
1491 672 1676 713 liberius
1722 673 1931 723 peccatis

155 746 402 792 insistitur.
446 746 638 786 hereses
674 745 911 796 pullulant.
956 744 1177 785 scaudala
1213 744 1518 783 suscitantur.
1565 744 1932 794 multiplicantur

155 816 293 858 cedes
327 819 371 857 et
397 819 584 867 strages
615 816 837 856 inminere
862 815 1168 856 invalescunt.
1194 815 1236 854 in
1262 815 1641 865 persecut-ionum
1671 815 1930 855 turbinibus

155 887 279 928 Petri
313 887 527 928 navicula
573 887 768 927 fluctuat
817 892 861 927 et
908 886 1151 927 interdum.
1200 886 1274 936 qui
1316 885 1517 925 fidelium
1562 886 1706 936 ipsius
1752 886 1929 927 censeri

153 959 339 999 nomine
372 958 645 1010 gloriantur.
689 959 733 998 in
777 970 933 999 arcum
980 969 1251 1008 perversum
1297 957 1399 997 fidei
1451 956 1654 997 debitum
1700 969 1789 997 non
1835 969 1930 997 ser-

155 1029 309 1070 vando
335 1026 706 1076 conversil)ea1n
734 1030 777 1069 in
802 1030 899 1070 suis
916 1029 1092 1069 iuribus
1112 1028 1331 1068 iniuriose
1348 1028 1575 1078 impetunt
1595 1030 1639 1068 et
1660 1028 1930 1078 molestant.

154 1100 230 1141 illa
277 1112 396 1141 nunc
451 1100 722 1151 denegando
773 1113 853 1151 pro
901 1100 1043 1140 libito.
1090 1111 1209 1140 nunc
1256 1099 1412 1140 illicite
1459 1099 1744 1149 occupando.
1815 1098 1931 1148 Quid

154 1171 275 1212 enim
310 1171 353 1211 in
399 1171 487 1212 hiis
534 1174 764 1222 superest,
810 1171 896 1211 nisi
945 1173 993 1211 ut
1043 1170 1290 1220 langueant
1326 1169 1501 1217 fideles.
1545 1169 1756 1210 tabescat
1804 1181 1931 1219 greX.

153 1253 338 1284 errores
363 1242 597 1293 pullulent.
617 1254 772 1282 mores
797 1242 1126 1292 depraventur.
1150 1241 1360 1291 pravitas
1385 1241 1629 1293 tyrannica
1653 1240 1930 1280 dominetur.

155 1312 262 1353 Inde
296 1313 625 1355 emulaciones.
660 1313 921 1354 sediciones
946 1315 991 1353 et
1029 1315 1172 1353 secte.
1207 1312 1310 1352 inde
1336 1312 1555 1361 avaricia.
1585 1311 1854 1362 malignitas
1885 1317 1927 1350 et

156 1384 392 1434 violencie,
425 1384 529 1425 inde
563 1385 820 1425 inimicicie.
855 1384 1100 1424 homicidia
1136 1386 1179 1423 et
1207 1383 1443 1431 veneficia.
1478 1383 1580 1423 inde
1615 1382 1825 1423 homines
1861 1382 1929 1422 sui

155 1456 408 1505 amatores.
432 1455 528 1496 Deo
549 1455 741 1496 odibiles
762 1459 1180 1496 C()nlnlensatol·es.
1206 1454 1436 1505 impudici7
1462 1454 1699 1494 luxuriosi.
1725 1452 1926 1503 superbi.

154 1525 466 1576 incompositi.
500 1526 817 1577 superioribus
858 1538 948 1566 non
989 1525 1275 1566 obedientes.
1323 1526 1609 1576 insipientes.
1656 1525 1754 1565 sine
1794 1524 1930 1565 affec-

155 1596 294 1646 tione.
329 1597 428 1638 sine
462 1597 630 1640 federe.
666 1598 764 1638 sine
797 1598 911 1648 lege.
947 1598 1045 1637 sine
1080 1608 1205 1647 pace.

273 1667 369 1718 Que
404 1669 557 1709 omnia
593 1669 783 1719 provide
808 1668 1176 1709 considerantes.
1200 1680 1300 1709 nos.
1325 1668 1398 1718 qui
1424 1668 1480 1708 ad
1505 1667 1698 1708 eandem
1731 1670 1926 1707 matrem

154 1741 198 1779 et
235 1739 544 1779 universalem
581 1739 826 1780 ecclesiam
868 1739 1140 1779 sinceritate
1186 1739 1329 1779 multe
1377 1738 1566 1789 pietatis
1611 1738 1839 1778 afficimur
1884 1739 1924 1777 et

155 1809 229 1859 pia
262 1809 477 1850 nimirum
513 1810 839 1860 compassione
874 1821 1129 1851 movemur.
1165 1822 1220 1849 ex
1255 1821 1309 1850 eo
1341 1809 1585 1860 potissime
1611 1808 1929 1850 consideracio

153 1882 318 1920 nostra
352 1880 583 1930 anxiatur.
625 1893 760 1932 quam
797 1881 906 1921 dire.
951 1893 1088 1932 quam
1123 1881 1332 1931 graviter
1365 1884 1578 1921 materna
1614 1880 1712 1920 eius
1749 1880 1928 1920 viscera

154 1950 443 2000 quaciantur.
488 1952 607 2002 quod
652 1952 751 2002 ipsa
797 1964 932 2002 quain
979 1952 1132 2002 plures
1177 1964 1314 1992 caros
1348 1952 1465 1992 filios
1499 1954 1543 1991 et
1590 1951 1775 1991 inclitos
1811 1950 1929 2000 prin-

155 2021 279 2070 cipes
313 2021 357 2061 in
386 2033 470 2063 suo
505 2022 718 2063 senciens
753 2025 886 2063 utero
922 2023 1207 2063 collidentes.
1244 2022 1495 2073 prudenter
1519 2021 1723 2062 advertit
1748 2021 1930 2062 christi-

155 2102 348 2132 anorum
398 2093 661 2142 potenciam
712 2094 755 2133 in
806 2093 977 2134 Christi
1027 2093 1324 2144 plasphemos
1374 2096 1419 2133 et
1470 2093 1681 2133 inimicos
1730 2092 1930 2133 nominis

155 2161 405 2203 Christiani
439 2166 657 2214 potenter
689 2166 733 2205 et
770 2165 1012 2215 magnifice
1048 2177 1176 2205 more
1211 2164 1350 2205 solito
1386 2164 1692 2205 exercendam
1727 2163 1771 2202 in
1785 2157 1817 2209 ¹³)
1852 2163 1930 2202 ob-

153 2232 387 2284 probrium
422 2236 469 2275 et
502 2246 645 2285 grave
680 2235 1044 2276 domesticmnm
1080 2235 1182 2275 fidei
1227 2235 1556 2276 detrimentum
1600 2234 1844 2275 tabescere
1885 2237 1927 2273 et

153 2305 467 2345 exterminari.
531 2305 624 2346 Hec
659 2306 799 2356 igitur
831 2308 875 2346 et
913 2306 1002 2346 alia.
1036 2318 1127 2346 non
1162 2306 1297 2347 facile
1321 2306 1608 2346 numeranda
1634 2304 1929 2345 incommoda

153 2376 201 2415 et
234 2375 472 2426 dispendia
508 2376 755 2416 caritative
791 2380 1044 2426 pensantes
1080 2376 1251 2417 affectu
1286 2377 1490 2416 maximo
1508 2372 1539 2420 ²³)
1574 2375 1803 2415 desiderio
1838 2375 1926 2415 iani

154 2445 323 2486 dudum
368 2447 653 2488 tenebamur.
704 2450 755 2487 ut
800 2447 962 2488 diebus
1011 2448 1188 2488 nostris
1244 2448 1399 2487 videre
1450 2457 1696 2497 possemus
1746 2446 1928 2486 unicam

155 2515 326 2557 (fhristi
359 2529 581 2567 sponsam
619 2518 897 2558 catholica-nl
933 2518 1177 2559 ecclesiam
1204 2518 1357 2558 debite
1382 2517 1702 2558 reformatam.
1759 2517 1929 2557 Postea

156 2598 280 2630 vero.
316 2600 416 2628 cum
446 2588 503 2628 ad
527 2589 781 2638 imperialia
806 2588 1119 2638 gubernacula
1154 2588 1408 2629 fuissemus
1438 2589 1681 2639 assumpti.
1717 2588 1773 2628 id.
1809 2588 1927 2639 quod

154 2659 253 2697 era-t
289 2657 422 2698 nobis
469 2659 511 2698 in
556 2659 800 2709 desiderio,
847 2660 1064 2700 transivit
1116 2660 1159 2699 in
1209 2663 1492 2710 preceptum.
1541 2671 1643 2700 cum
1689 2663 1932 2699 teneamur

155 2727 398 2768 ecclesiam
434 2729 514 2769 Dei
552 2741 631 2779 per
664 2730 900 2780 imperiale
947 2729 1148 2771 officium
1194 2731 1327 2770 tueri.
1375 2731 1504 2771 cuius
1539 2731 1685 2771 eciam
1723 2742 1930 2771 canones

153 2800 425 2839 sanctorum
442 2802 625 2850 patruni
647 2812 733 2841 nos
754 2800 985 2850 appellant
1006 2801 1288 2841 advocatum
1309 2803 1352 2841 et
1368 2801 1677 2842 defensorem.
1705 2802 1929 2851 Supremo

154 2867 311 2926 itaque
345 2869 500 2909 studio
536 2871 816 2917 curavimus.
850 2883 907 2912 ne
941 2871 1047 2922 quid
1080 2872 1364 2923 negligencie
1400 2873 1547 2923 possit
1584 2873 1628 2912 in
1670 2872 1756 2913 hoc
1797 2871 1930 2912 nobis

273 2994 304 3025 a)
325 2994 353 3020 B
373 2994 495 3020 evenit.
535 2994 566 3023 b)
594 2995 688 3022 Fehl!
711 2996 746 3022 Β,

276 3053 299 3087 ¹)
329 3055 432 3089 Nach
461 3056 522 3089 Ps.
552 3058 605 3097 77,
633 3058 687 3090 57.
741 3056 767 3093 ²)
802 3057 884 3091 Von
911 3057 995 3091 hier
1022 3068 1077 3091 cm
1101 3057 1285 3100 yeclrnch't
1313 3068 1346 3090 u.
1376 3068 1410 3091 α.
1441 3058 1575 3091 Heu-«lt
1607 3057 1662 3091 VI
1684 3060 1716 3091 b'.
