2178 3404
362 135 687 180 Anklageartikel
716 137 793 170 und
820 136 1178 181 Zeugenaussagen
1205 147 1331 181 gegen
1358 136 1514 172 Johann
1544 138 1679 172 XXIII.

130 247 393 298 homicidio,
428 246 650 287 veneficio
675 249 722 287 et
753 247 852 287 aliis
876 259 980 297 gra-

129 318 264 358 vibus
298 317 565 359 criminibus
597 349 604 357 .
631 349 639 358 .
665 349 672 357 .
694 317 979 369 diffamatus,

129 389 461 429 disseminator
476 388 703 429 bonorum
721 389 914 429 ecclesie
933 390 981 428 et

129 457 408 509 dilapidator
453 459 704 499 eorundem
750 459 978 508 notorius,

128 529 443 580 symoniacus,
478 529 705 580 pertinax,
744 528 978 569 hereticus

129 602 177 640 et
200 599 443 641 ecclesiam
469 599 551 640 Dei
574 599 758 640 notorie
782 599 977 640 scanda-

125 670 285 721 lizans,
317 670 642 720 incorrigibilis
678 701 686 710 .
723 701 730 710 .
767 701 775 709 .

178 1587 322 1632 LXIX.
346 1590 651 1633 D.Johannes
676 1604 796 1643 papa
814 1592 970 1632 XXIII.

121 1673 229 1712 sepe
263 1664 311 1702 et
356 1662 513 1713 sepius
564 1675 721 1704 coram
772 1664 970 1704 diversis

120 1732 312 1782 prelatis
347 1745 400 1774 ac
435 1733 535 1774 aliis
559 1733 771 1774 honestis
796 1738 843 1774 et
868 1746 970 1785 pro—

119 1802 190 1843 bis
243 1803 357 1844 viris
421 1804 724 1854 pertinaciter
787 1805 970 1846 diabolo

121 1874 348 1914 suadente
382 1874 498 1915 dixit
533 1906 540 1914 .
576 1906 583 1914 .
621 1907 628 1915 .
663 1875 810 1916 vitam
850 1878 970 1916 eter-

120 1955 229 1984 nam
263 1955 356 1985 non
390 1956 495 1985 esse
518 1956 666 1996 neque
691 1946 827 1986 aliam
864 1949 971 1997 post

120 2013 254 2054 hanc.
319 2014 547 2067 Quinymo
582 2016 698 2056 dixit
733 2048 740 2056 .
776 2048 784 2056 .
821 2049 828 2057 .
877 2017 971 2057 ani-

120 2093 245 2124 mam
278 2084 477 2126 hominis
513 2098 615 2126 cum
661 2099 855 2137 corpore
891 2087 971 2128 hu-

119 2163 258 2195 mano
292 2155 410 2196 mori
431 2157 479 2196 et
505 2157 711 2207 extingui
737 2158 793 2198 ad
822 2158 973 2198 instar

122 2225 388 2266 animalium
432 2227 689 2268 brutorum.
753 2227 971 2280 Dixitque

120 2298 357 2337 mortuum
393 2298 534 2338 semel
581 2310 687 2339 esse
733 2300 878 2340 eciam
927 2300 970 2339 in

119 2367 377 2408 novissimo
432 2368 503 2408 die
566 2370 752 2409 minime
816 2382 969 2410 resur-

120 2439 356 2477 recturum
393 2469 400 2477 .
436 2469 443 2477 .
480 2470 487 2478 .

244 3041 267 3080 ¹)
299 3043 380 3085 Vgyl.
411 3044 544 3078 Valozsss
569 3045 593 3078 I
597 3045 629 3078 V
645 3046 725 3080 310.

1819 131 1905 173 207

1057 248 1287 288 communi
1322 250 1368 288 et
1403 248 1579 288 audivit
1614 261 1640 288 a
1669 248 1905 290 familiari-

1056 317 1141 358 bus
1177 318 1286 358 suis.
1326 318 1369 357 Β.
1394 318 1449 358 de
1474 317 1634 359 Vincio
1660 319 1770 360 dicit
1796 321 1905 361 arti-

1056 388 1207 428 culum
1242 401 1417 439 verum,
1453 389 1559 439 quia
1593 389 1823 440 publicum
1859 394 1903 431 et

1054 459 1302 499 notorium.
1367 459 1723 501 Mediolanensis
1758 464 1809 501 ut
1849 462 1906 502 ad

1055 529 1315 579 proximum
1351 530 1491 581 addit,
1527 531 1647 581 quod
1682 532 1904 573 veneficio

1054 600 1141 640 scit
1176 600 1341 641 melius
1380 600 1534 642 facere
1568 613 1704 651 quam
1741 603 1903 653 aliquis

1052 670 1191 711 homo
1216 671 1387 712 mundi.
1423 671 1707 713 Procurator
1730 674 1903 714 ordinis

1053 740 1444 782 Theotonicorum
1495 743 1601 783 dicit
1657 744 1902 785 articulum

1052 824 1228 863 verum,
1262 813 1460 853 reddens
1487 826 1678 854 causam
1705 815 1904 856 sciencie

1049 886 1101 923 ut
1135 895 1291 934 supra,
1316 895 1455 934 super
1478 884 1644 943 hei-esi,
1680 886 1902 935 capiendo

1050 954 1251 994 heresim
1286 966 1368 1004 pro
1404 954 1607 995 fautoria
1649 956 1902 996 scismatis,

1050 1023 1175 1065 Tunc
1210 1027 1283 1065 est
1317 1025 1551 1066 hereticus
1586 1028 1630 1066 et
1657 1027 1901 1067 ecclesiam

1050 1095 1377 1136 scandalizans
1413 1099 1460 1137 et
1508 1099 1583 1137 est
1629 1097 1901 1138 diffamatus

1050 1166 1104 1206 de
1128 1166 1373 1207 homicidio
1394 1169 1441 1207 et
1460 1168 1614 1218 plures
1632 1169 1900 1219 procuravit

1048 1237 1295 1278 intoxicari
1342 1240 1388 1278 et
1437 1239 1682 1289 presertim
1731 1251 1899 1290 papam

1048 1307 1378 1350 Alexandrum.
1428 1308 1688 1361 Angelotus
1713 1310 1902 1361 deponit

1047 1379 1102 1419 de
1136 1379 1438 1431 notorietate‚
1480 1381 1696 1432 symonia
1742 1384 1790 1422 et
1835 1382 1899 1421 in-

1047 1450 1400 1500 corrigibilitate
1434 1453 1482 1491 et
1515 1451 1637 1502 quod
1672 1447 1762 1504 [ab]
1797 1452 1898 1503 ipso

1047 1520 1456 1562 scandalizabatur
1490 1522 1700 1563 ecclesia.

1108 1587 1274 1631 LXVII.
1322 1591 1534 1642 Archiep.
1569 1589 1900 1645 Mediolanus¹)

1046 1662 1235 1711 deponit
1281 1674 1330 1702 se
1373 1663 1560 1703 credere
1606 1676 1773 1714 papam
1819 1664 1897 1704 ‚Jo-

1046 1732 1243 1772 hannem
1290 1745 1381 1774 non
1425 1745 1531 1773 esse
1578 1734 1896 1786 christianum7

1046 1803 1235 1853 addensff
1253 1804 1375 1854 quod
1395 1807 1501 1854 post
1521 1805 1666 1855 ipsius
1687 1817 1899 1856 assump-

1047 1874 1226 1914 cionem
1262 1875 1318 1914 ad
1351 1878 1572 1925 papatum
1611 1876 1723 1916 bene
1758 1888 1837 1926 per
1860 1877 1900 1916 X

1047 1945 1144 1985 dies
1191 1957 1282 1985 una
1328 1946 1427 1986 vice
1477 1949 1578 1987 erat
1631 1950 1740 1988 tunc
1797 1960 1897 1988 cum

1047 2016 1148 2066 ipso
1196 2028 1317 2066 papa
1360 2016 1573 2057 .lol1an11e
1621 2018 1748 2058 solus
1796 2031 1897 2059 cum

1049 2087 1148 2127 solo
1182 2087 1225 2126 in
1261 2089 1365 2127 orto
1400 2099 1498 2128 suo.
1565 2087 1618 2127 Et
1655 2088 1760 2128 dum
1793 2101 1899 2128 con-

1048 2157 1382 2208 fabularentur⁷
1432 2159 1588 2199 incidit
1641 2171 1794 2200 sermo
1844 2160 1899 2199 de

1046 2227 1146 2268 fide.
1212 2227 1337 2268 Tunc
1371 2241 1489 2279 papa
1523 2230 1716 2279 protulit
1747 2230 1898 2280 aliqua

1048 2299 1189 2339 verba
1224 2301 1389 2339 contra
1436 2298 1586 2340 fidem.
1633 2300 1687 2339 de
1734 2300 1897 2350 quibus

1049 2369 1201 2409 verbis
1265 2370 1404 2409 testis
1464 2382 1553 2410 non
1610 2371 1896 2410 recomlatur.

1048 2438 1173 2479 Tunc
1209 2440 1347 2479 testis
1382 2440 1493 2480 dixit
1531 2453 1648 2491 pape
1681 2441 1764 2481 hec
1798 2453 1897 2481 ver-

1047 2510 1101 2549 ba
1128 2509 1197 2549 vel
1223 2510 1413 2551 similia:
1446 2510 1585 2551 Pater
1610 2514 1786 2562 sancte,
1811 2524 1896 2552 vos

1044 2580 1160 2620 estis
1190 2581 1281 2620 iam
1307 2593 1439 2632 papa„
1463 2593 1555 2622 non
1580 2582 1759 2623 debetis
1784 2583 1897 2623 talia

1043 2651 1220 2699 dicere3
1262 2664 1347 2691 vos
1382 2652 1561 2693 debetis
1602 2665 1707 2693 esse
1748 2653 1895 2694 bonus

1046 2721 1327 2773 christicola,
1353 2723 1458 2773 quia
1484 2724 1527 2763 in
1546 2724 1708 2764 ultimo
1729 2724 1894 2765 iudicio

1044 2792 1250 2833 reddetis
1284 2794 1519 2834 racionem
1539 2794 1636 2834 Deo
1661 2797 1748 2835 etc.
1770 2794 1895 2845 Papa

1044 2864 1310 2913 respondit:
1353 2864 1511 2904 (fredis
1544 2865 1589 2905 in
1622 2866 1894 2905 resurrecti-

1046 2945 1179 2973 onem
1202 2936 1526 2974 mortuormu‘?
1548 2934 1604 2975 Et
1626 2938 1735 2975 tunc
1755 2936 1893 2975 testis
