2178 3404
258 181 343 222 582
614 187 673 221 III.
702 185 920 220 Abschnitt.
972 183 1164 217 Benedikt
1190 183 1288 216 XIII.
1316 182 1395 215 und
1423 182 1493 216 das
1521 181 1670 215 Konzil.

378 297 655 338 Beatissime
689 302 835 346 pater.
900 293 1142 344 Quoniam,
1186 294 1237 332 ut
1278 292 1487 342 apparet,
1529 290 1695 341 liquide
1732 302 1811 340 per
1845 301 2033 340 respon-

259 364 484 415 5101101111)
519 365 790 407 sanctitatis
823 366 983 405 vestre
1018 365 1114 404 tam
1153 362 1294 403 verbo
1330 374 1468 412 quam
1504 361 1692 411 scriptis
1727 372 1806 411 per
1840 360 2032 400 eandem

259 439 563 480 sanctitatem
613 436 746 477 nobis
794 435 1064 485 exhibitam,
1114 433 1234 484 quod
1279 433 1468 473 nimium
1520 432 1731 473 dolenter
1775 431 2035 480 referimus,

258 522 349 551 non
384 510 576 559 dignata
609 510 683 548 est
716 508 878 547 vestra
913 505 1145 546 sanctitas
1193 503 1565 545 condescendere
1612 515 1714 543 cum
1762 502 1932 542 effectu
1979 500 2036 541 ad

259 593 326 631 ea,
362 591 448 630 que
494 590 574 629 per
613 577 981 618 illustrissimum
1016 576 1057 616 d.
1092 587 1134 616 n.
1169 586 1326 625 regem
1362 573 1562 614 Castene
1608 575 1653 614 et
1688 573 1915 624 Legionis,
1961 572 2036 612 de-

258 650 557 691 votissimum
591 649 797 690 eiusdem
832 646 1105 688 sanctitatis
1139 645 1279 686 filium
1314 656 1493 695 nosque
1516 644 1662 695 ipsius
1687 643 2037 684 ambaxiatores

258 724 302 762 et
350 722 680 771 procuratores
732 718 1050 760 Conchensem
1102 719 1145 757 et
1197 716 1448 757 Pacensem
1501 715 1747 765 episcopos
1797 726 1850 755 ac
1897 713 2037 764 Sego-

258 793 464 833 biensem
499 794 546 832 et
569 791 860 833 palentinum
895 790 1098 830 decanos
1133 787 1464 829 etJ011a11ne111
1497 785 1775 827 Ferdinandi
1809 785 1863 825 de
1887 784 2036 835 Rupe-

258 863 435 914 florida,
469 863 762 904 decretorum
800 861 1034 917 doctores,
1068 859 1167 900 eius
1192 870 1247 899 ex
1281 859 1414 909 parte
1439 859 1485 898 et
1518 857 1742 898 mandato
1777 855 2038 906 supplicata

260 936 370 975 sunt
402 934 638 975 humiliter
671 935 718 973 et
752 944 856 973 cum
890 930 1162 971 reverencia
1194 929 1434 980 requisita,
1468 940 1554 969 nos
1595 926 1946 968 ambaxiatores
1992 927 2038 966 et

260 1007 591 1056 procuratores
637 1003 807 1055 prefati
852 1002 1047 1043 eandem
1094 1000 1399 1042 sanctitatem
1446 1000 1657 1039 vestram
1712 997 1947 1038 humilime
1993 998 2039 1036 et

260 1089 363 1117 cum
399 1076 579 1117 decenti
615 1074 885 1115 reverencia
931 1074 1109 1114 certam
1144 1071 1379 1112 reddimus
1426 1072 1470 1110 et
1506 1069 1757 1120 indubiam,
1792 1067 1913 1119 quod
1958 1078 2039 1118 per

260 1147 432 1188 dictum
469 1146 820 1187 serenissimum
862 1144 901 1184 (1.
935 1155 978 1183 n.
1013 1154 1170 1193 regem
1216 1141 1351 1182 nobis
1398 1142 1445 1181 et
1495 1140 1596 1181 aliis
1638 1137 2039 1180 ambaxiatoribus

260 1218 358 1258 suis
390 1217 568 1258 nostris
604 1215 793 1266 collegis
827 1216 901 1255 est
934 1214 1191 1254 iniunctum
1225 1213 1269 1252 in
1304 1211 1540 1252 mandatis
1574 1222 1809 1261 expresse,
1844 1209 1966 1259 quod
1994 1209 2039 1248 111

259 1289 347 1329 hoc
402 1299 514 1329 casu
568 1286 895 1337 denegacionis
952 1283 1230 1334 huiusmodi,
1284 1285 1535 1333 postquam
1589 1281 1713 1322 dicto
1768 1280 1927 1331 previo
1982 1279 2039 1320 ad

262 1359 679 1410 congregacionem
709 1356 1123 1397 Constanciensem
1161 1353 1515 1403 accesserimus,
1550 1352 1836 1403 publicemus
1870 1350 2038 1391 ibidem

261 1432 308 1471 et
343 1430 654 1481 approbemus
688 1428 872 1469 nomine
906 1427 1034 1477 regio
1080 1425 1451 1466 subtractionem
1487 1423 1752 1464 obediencie
1796 1421 2040 1463 sanctitati

261 1503 420 1542 vestre
456 1501 559 1541 olim
596 1512 678 1551 pro
713 1501 846 1550 parte
882 1498 1027 1549 ipsius
1062 1497 1185 1547 regis
1219 1497 1263 1536 in
1298 1495 1572 1546 Perpiniano
1606 1494 1781 1535 iactam
1818 1495 1865 1533 et
1897 1492 2040 1543 publi-

263 1574 418 1613 catam
453 1573 500 1612 et
533 1571 694 1621 eciam,
729 1570 768 1610 si
802 1569 1051 1620 expediens
1085 1567 1238 1619 fuerit,
1273 1566 1394 1618 quod
1428 1578 1531 1607 eam
1560 1565 1790 1606 faciamus
1824 1566 1871 1604 et
1893 1563 2037 1614 publi-

263 1655 421 1685 cemus
456 1642 510 1683 de
543 1654 665 1683 novo
701 1643 840 1692 atque
875 1640 1087 1691 protinus
1122 1650 1226 1680 cum
1260 1637 1477 1679 adunatis
1523 1637 1567 1677 in
1613 1636 1738 1677 dicta
1783 1646 2036 1686 congrega-

264 1715 394 1755 cione
436 1714 683 1764 iungamur
716 1715 763 1753 et
805 1712 1020 1752 uniamur
1063 1710 1290 1760 simulque
1334 1721 1437 1750 cum
1472 1708 1538 1749 eis
1574 1707 1631 1748 ad
1670 1707 1806 1748 huius
1849 1717 2036 1747 execra-

264 1785 366 1825 bilis
400 1784 640 1825 scismatis
665 1783 1030 1834 extirpacionem
1055 1783 1103 1821 et
1135 1780 1278 1821 futuri
1305 1780 1473 1821 summi
1507 1778 1738 1830 pontificis
1762 1777 2036 1818 electionem

263 1856 394 1896 iuxta
428 1856 651 1897 contenta
683 1855 728 1894 in
763 1853 978 1905 capitulis
1013 1852 1311 1893 concordatis
1345 1853 1393 1892 et
1426 1850 1625 1891 firmatis
1665 1848 1880 1890 Narbone
1924 1859 2036 1888 una-

262 1928 449 1968 nimiter
481 1927 804 1977 procedamus.
869 1924 962 1965 Hec
997 1926 1167 1974 autem,
1200 1923 1472 1963 beatissime
1519 1924 1666 1972 pater,
1700 1922 1859 1961 vestre
1904 1931 2038 1960 sanc-

265 1999 391 2039 titati
434 1998 619 2039 nomine
654 2009 794 2048 supra
828 1995 1125 2037 notificamus
1161 1994 1218 2035 ad
1260 1993 1411 2045 finem,
1456 1993 1576 2044 quod
1609 1992 1712 2032 inde
1747 1991 1806 2031 sit
1852 1991 2039 2031 avisata

264 2072 311 2110 et
357 2069 631 2119 certificata,
677 2068 799 2118 quod
843 2067 930 2107 nisi
979 2078 1081 2107 cum
1128 2065 1299 2106 effectu
1333 2065 1519 2105 duxerit
1562 2062 1941 2112 renunciandum,
1987 2063 2039 2101 ut

264 2143 355 2183 iam
390 2141 536 2181 eidem
572 2139 883 2190 supplicatum
918 2138 1073 2178 extItit
1110 2139 1153 2177 et
1191 2136 1479 2187 requisitum,
1514 2147 1582 2186 ea,
1626 2146 1712 2185 que
1755 2134 1880 2174 dicta
1915 2135 2037 2184 sunt,

265 2213 401 2253 modo
435 2211 642 2262 predicto
677 2210 734 2250 ad
769 2209 1097 2250 execucionem
1133 2208 1380 2248 trahentur
1412 2206 1609 2247 indubie.
1673 2205 1790 2245 Nam
1824 2205 1923 2255 ipse
1958 2216 2038 2244 rex

262 2283 473 2334 prefatus
508 2282 722 2322 dominus
755 2282 919 2321 noster
958 2280 1031 2331 pia
1067 2278 1445 2320 consideracione
1492 2277 1549 2318 ad
1582 2277 1728 2318 Deum
1776 2277 2037 2317 creatorem

265 2367 396 2395 suum
453 2353 623 2394 mentis
676 2352 895 2392 intuitum
946 2351 1148 2401 dirigens
1202 2350 1406 2400 iiiiquum
1462 2348 1610 2388 sensit
1658 2349 1704 2388 et
1757 2347 1945 2397 impium
1994 2347 2038 2386 in

264 2426 431 2466 unione
465 2424 659 2465 ecclesie
702 2423 932 2473 beatifica,
979 2422 1097 2463 sicut
1142 2421 1337 2461 firmiter
1380 2421 1610 2470 speratur,
1657 2418 1901 2459 Altissimo
1948 2417 2038 2457 dis-

265 2498 465 2547 ponente
512 2496 768 2546 propinqua
815 2494 1059 2534 sanctitati
1103 2494 1261 2533 vestre
1308 2491 1561 2532 obediendo
1610 2489 1805 2540 amplius
1851 2488 2038 2538 impedi-

264 2569 473 2608 mentum
510 2577 755 2617 apponere,
791 2565 1008 2616 quinimo,
1042 2566 1091 2604 ut
1127 2564 1229 2614 pius
1254 2565 1300 2603 et
1330 2562 1476 2602 fidelis
1511 2561 1705 2601 ecclesie
1740 2560 1873 2610 iilius,
1908 2559 2038 2600 cuius

264 2638 420 2679 unioni
455 2637 699 2678 verissime
734 2648 872 2687 super
906 2637 1075 2676 cuncta
1107 2635 1310 2674 humana
1345 2646 1395 2673 se
1429 2634 1615 2683 reputat
1652 2631 1922 2681 obligatum,
1946 2630 2037 2671 dic-

265 2710 363 2749 tam
398 2708 613 2749 unionem
639 2710 681 2748 et
709 2719 870 2758 pacem
903 2707 1055 2757 populi
1091 2705 1331 2747 christiani
1366 2705 1480 2745 totis
1503 2704 1679 2744 viribus
1713 2704 1760 2743 et
1793 2701 2037 2743 conatibus

266 2779 474 2820 decernit
506 2778 799 2819 laudabiliter
832 2789 1095 2828 procurare.
1161 2777 1326 2816 Petrus
1361 2775 1717 2816 archidiaconus
1752 2773 1806 2814 de
1833 2768 2037 2822 Grado.2)

388 2917 411 2961 ¹)
439 2918 618 2952 Dar‘z'iber
647 2918 693 2951 ist
719 2918 844 2951 aeiclez‘s
869 2916 1046 2950 bekcmnt.

386 2976 411 3012 ²)
439 2976 576 3009 Petrus
604 2975 840 3008 Ferdinandi
876 2975 923 3008 de
950 2975 988 3008 la
1015 2974 1190 3008 Guardia
1227 2973 1526 3007 archidiaconus
1564 2971 1611 3004 de
1638 2971 1767 3005 Grado
1796 2971 1832 3003 in
1870 2970 2036 3003 ecclesia

268 3035 452 3068 ovetensi
485 3035 724 3068 secretarius
760 3036 892 3068 noster
919 3036 1003 3076 (der
1028 3035 1203 3078 Koufigsiu
1235 3045 1303 3068 ron
1334 3032 1554 3067 Kastellon).
1608 3032 1741 3065 Hardt
1768 3031 1827 3064 IV
1851 3031 1953 3065 1330.
1981 3039 2036 3063 1ιό

269 3093 455 3128 Gnetensi
480 3096 573 3130 statt
600 3093 795 3127 Ovetensi.
