2178 3404
300 195 340 227 B.
392 195 462 227 Die
491 194 606 227 Reise
634 195 677 228 K.
706 195 948 235 Sigismunds
978 195 1077 228 nach
1104 194 1313 227 Narbonue
1342 194 1419 226 und
1447 194 1679 237 Perpignan.
1792 185 1878 226 435

108 304 248 345 terris
282 303 523 344 Provincie
563 306 611 343 et
650 304 794 344 eciam
838 315 920 353 pro
962 305 1121 343 castro
1155 303 1368 343 Monachi
1409 304 1457 342 et
1494 302 1609 343 locis
1644 302 1745 343 aliis
1779 303 1877 343 eius

109 374 274 415 dicioni
308 373 531 415 subiectis
566 370 613 414 et
645 374 732 415 hoc
766 374 884 413 idem
921 387 946 414 a
981 374 1149 414 comite
1185 373 1414 414 Sabaudie
1448 375 1496 413 et
1531 385 1558 414 a
1591 373 1879 414 comunitate

106 444 330 485 Januensi
373 446 417 485 et
455 443 681 486 Saonensi
720 446 767 484 et
801 457 826 485 a
868 456 977 495 rege
1012 444 1219 495 Francie,
1263 447 1401 494 prout
1444 444 1653 494 predicta
1697 446 1745 484 et
1789 444 1879 484 alia

107 515 151 555 in
194 515 330 555 dictis
374 515 589 565 capitulis
630 515 900 566 supradicta
934 515 1004 555 die
1042 514 1151 554 VIII.
1186 515 1342 555 Marcii
1384 512 1732 566 continenturfl)
1794 514 1878 565 Qui

107 585 289 636 quidem
325 584 648 636 Sigismundus
688 588 937 636 pretensus
976 597 1057 625 rex
1092 584 1406 626 Romanorum
1449 599 1539 627 non
1580 585 1878 626 obstantibus

107 656 495 706 promissionibus
529 659 573 696 et
610 656 976 707 obligacionibus
1010 659 1118 696 ante
1152 656 1304 708 dictis,
1339 660 1390 697 ut
1425 657 1724 707 premittitur,
1758 656 1879 696 iura-

107 730 266 768 mento
300 726 514 779 firmatis,
548 730 595 767 et
630 728 666 767 si
701 727 848 768 eidem
883 728 923 767 d.
950 727 1199 768 Benedicto
1230 740 1310 778 per
1339 728 1567 777 quendam
1594 727 1878 768 Bernardum

109 796 262 839 Ollerii
297 799 603 839 secretarium
638 799 678 839 d.
713 798 1013 839 Zamorensis
1047 799 1251 849 episcopi
1287 799 1641 850 ambaxiatoriS,
1686 799 1759 849 qui
1793 798 1879 838 fuit

108 868 389 910 Constancie
423 881 504 920 pro
540 869 663 910 dicto
698 882 805 920 rege
841 869 1087 920 Aragonie,
1127 870 1201 920 qui
1235 870 1416 920 quidem
1455 870 1737 910 secretarius
1772 872 1877 920 post

105 951 343 981 recessum
387 941 616 981 dictorum
662 941 1037 981 ambaxiatorum
1073 941 1127 980 de
1163 940 1356 980 civitate
1390 941 1670 981 (s'onstancie
1712 940 1878 981 ibidem

106 1014 414 1063 remanserat,
462 1012 765 1053 securitatem
809 1023 888 1051 seu
935 1011 1115 1052 salvum
1162 1012 1441 1052 conductum
1487 1012 1599 1063 eius,
1645 1012 1719 1063 qui
1760 1013 1880 1063 apud

107 1094 219 1122 suos
251 1081 491 1122 ‚Iohannes
514 1082 672 1122 XXIII.
707 1083 988 1129 nominatur,
1024 1082 1356 1131 transiliiserit,
1390 1095 1481 1122 non
1518 1085 1673 1123 tamen
1709 1083 1880 1123 securi-

106 1155 233 1193 tates
286 1165 370 1193 nec
425 1153 583 1193 salvos
643 1153 916 1204 conductus,
981 1165 1097 1204 quas
1151 1155 1195 1193 et
1252 1166 1368 1204 quos
1423 1166 1449 1194 a
1502 1154 1639 1195 dictis
1693 1154 1880 1204 regibus

106 1223 298 1264 Francie
343 1226 389 1264 et
433 1224 665 1264 lmdovico
711 1226 757 1264 et
792 1237 817 1264 a
864 1224 1096 1265 communi
1140 1224 1363 1264 Januensi
1411 1224 1619 1265 obtinere
1664 1224 1881 1274 habebat,

105 1306 189 1335 nec
223 1306 382 1335 eorum
418 1295 618 1346 aliquam
653 1295 890 1346 noticiam,
924 1295 1268 1336 intimacionem
1306 1296 1375 1336 vel
1412 1296 1697 1337 mencionem
1734 1296 1879 1336 eidem

106 1365 146 1405 d.
195 1365 447 1406 Benedicto
501 1377 583 1415 per
635 1366 806 1406 dictum
858 1366 1164 1406 secretarium
1214 1378 1297 1407 nec
1347 1378 1427 1417 per
1481 1367 1617 1407 aliam
1668 1367 1881 1418 quamvis

106 1446 353 1488 personam
408 1436 537 1476 misit
584 1436 654 1477 vel
709 1436 834 1487 fecit,
888 1438 1025 1487 prout
1081 1437 1268 1477 mittere
1322 1440 1365 1477 et
1424 1437 1578 1478 facere
1634 1438 1882 1478 tenebatur

108 1507 361 1548 secundum
417 1507 620 1557 capitula
673 1519 996 1558 preexpressa.
1081 1507 1233 1558 Quare
1286 1507 1375 1548 fuit
1430 1511 1727 1559 protestatus
1782 1520 1881 1559 pre-

107 1577 236 1618 fatus
282 1577 323 1618 d.
365 1589 407 1618 n.
454 1578 734 1618 Benedictus
780 1591 914 1629 papa,
965 1578 1086 1629 quod
1130 1590 1210 1629 per
1252 1579 1401 1629 ipsum
1449 1591 1539 1620 non
1589 1579 1749 1621 stabat
1796 1591 1881 1621 nec

109 1650 227 1700 stat,
299 1648 545 1699 quominus
603 1649 735 1689 iuxta
799 1652 1030 1690 conventa
1092 1650 1181 1690 iter
1245 1661 1379 1690 suum
1435 1650 1505 1690 vel
1560 1651 1682 1691 viam
1748 1660 1881 1692 suam

109 1719 302 1770 arripiat
355 1719 413 1760 ad
465 1720 663 1760 eundum
714 1720 772 1760 ad
826 1720 1000 1760 dictum
1055 1720 1204 1761 locum
1260 1721 1314 1761 de
1364 1721 1481 1761 Villa
1535 1721 1747 1763 Francha
1800 1734 1881 1763 seu

109 1790 207 1830 eius
257 1792 442 1840 portum
492 1790 749 1841 predictum
800 1803 881 1841 pro
932 1791 1057 1832 dicta
1105 1793 1269 1832 mutua
1313 1792 1492 1832 vis10ne
1538 1794 1585 1832 et
1631 1792 1746 1843 aliis,
1796 1805 1882 1844 que

110 1872 191 1911 pro
238 1860 358 1901 bono
405 1861 588 1901 unionis
633 1861 829 1901 ecclesie
871 1861 1084 1902 facienda
1126 1862 1461 1914 incumberent,
1508 1865 1644 1913 prout
1692 1862 1883 1905 fecisset

109 1933 157 1971 et
201 1933 396 1982 paratus
440 1931 609 1972 fuisset
653 1934 700 1972 et
745 1934 845 1972 erat
890 1931 1059 1983 facere,
1106 1933 1144 1972 si
1187 1933 1308 1973 dicte
1348 1934 1630 1974 securitates
1676 1936 1724 1974 et
1766 1935 1882 1975 salvi

110 2002 368 2043 conductus
412 2003 483 2042 vel
526 2014 685 2043 eorum
729 2003 903 2044 noticia
945 2015 1026 2044 seu
1070 2003 1308 2045 intimacio
1354 2004 1555 2045 fuissent
1601 2004 1685 2045 sibi
1730 2007 1883 2045 trans-

108 2073 241 2113 missi
286 2084 367 2123 per
412 2073 600 2124 dictum,
649 2074 723 2125 qui
758 2086 807 2114 se
852 2074 970 2125 gerit
1007 2086 1089 2125 pro
1134 2086 1243 2125 rege
1289 2074 1620 2126 Romanorum,
1669 2078 1717 2116 et
1762 2075 1884 2127 quod

108 2142 232 2184 nulla
276 2143 565 2194 negligencia
607 2156 689 2185 seu
733 2144 946 2185 remissio
990 2145 1135 2185 eidem
1181 2145 1220 2185 d.
1255 2145 1507 2187 Benedicto
1542 2146 1731 2187 valeant
1773 2146 1884 2187 ulla-

110 2215 246 2254 tenus
292 2214 525 2265 imputari,
572 2227 675 2256 cum
722 2218 916 2266 paratus
962 2218 1089 2256 esset
1135 2217 1180 2256 et
1228 2216 1290 2256 sit
1333 2216 1390 2256 ad
1437 2217 1747 2267 arripiendum
1796 2218 1886 2257 iter

110 2286 157 2325 et
210 2285 335 2326 viam
389 2297 521 2326 suam
578 2297 723 2336 usque
778 2286 952 2327 dictum
1006 2286 1159 2327 locum
1216 2298 1297 2327 seu
1351 2289 1539 2337 portum
1592 2288 1723 2328 iuxta
1777 2299 1884 2328 con-

109 2356 264 2406 venta,
308 2356 346 2395 si
390 2355 540 2397 dictos
585 2357 744 2398 salvos
792 2357 1050 2397 conductus
1094 2358 1165 2397 vel
1208 2369 1367 2398 eorum
1410 2358 1633 2398 noticiam
1676 2357 1883 2398 haberet.

111 2424 215 2465 Fuit
263 2426 409 2466 eciam
464 2429 758 2477 protestatus
808 2428 847 2467 d.
898 2428 937 2467 d.
991 2428 1267 2467 Benedictus
1318 2430 1481 2468 contra
1531 2428 1571 2468 d.
1621 2428 1661 2468 d.
1742 2428 1883 2478 Sigis-

112 2495 330 2535 mundum
380 2496 435 2536 de
488 2498 702 2538 omnibus
757 2498 984 2549 dampnis,
1036 2498 1266 2538 interesse
1316 2500 1363 2537 et
1415 2498 1648 2549 expensis,
1703 2511 1789 2549 que
1837 2501 1885 2539 et

113 2574 229 2615 quas
274 2566 423 2616 ipsum
468 2567 509 2607 d.
545 2567 845 2608 Benedictum
890 2569 1122 2608 sustinere
1162 2571 1210 2608 et
1244 2568 1397 2609 subire
1432 2571 1620 2619 oportet
1654 2582 1708 2610 ex
1743 2569 1879 2620 negli-

111 2636 275 2685 gencia
309 2631 388 2688 [et]
423 2638 697 2678 remissione
731 2639 771 2678 d.
806 2638 846 2678 (1.
873 2638 1152 2689 Sigisnmndi
1186 2641 1233 2678 et
1266 2651 1322 2679 ex
1354 2650 1423 2690 eo,
1459 2639 1564 2690 quia
1597 2639 1715 2680 idem
1743 2639 1877 2690 Sigis-

111 2706 311 2747 mundus
345 2707 496 2748 dictos
532 2709 690 2749 salvos
721 2709 980 2749 conductus
1004 2711 1049 2749 et
1074 2709 1356 2750 securitates
1380 2709 1451 2750 vel
1475 2722 1634 2751 eorum
1660 2710 1882 2751 noticiam

112 2788 195 2817 seu
236 2777 609 2819 notificacionem
654 2779 801 2819 eidem
849 2780 888 2819 d.
924 2779 1172 2820 Benedicto
1206 2791 1298 2820 non
1332 2781 1611 2831 transmisit,
1654 2781 1884 2821 mandans

113 2849 160 2887 et
193 2848 434 2899 requirens
479 2861 561 2899 per
605 2861 690 2890 nos
737 2862 898 2890 omnes
940 2850 1154 2890 notarios
1198 2849 1527 2901 infrascriptos
1570 2851 1656 2891 sibi
1695 2851 1750 2891 de
1784 2862 1883 2901 pre-

112 2916 248 2958 dictis
274 2918 487 2959 omnibus
512 2922 558 2960 et
582 2920 776 2970 singulis
800 2921 1030 2971 publicum
1056 2921 1419 2962 instrumentum
1438 2924 1485 2962 et
1509 2921 1689 2972 publica
1711 2922 1883 2962 instru-

112 2990 271 3029 menta
295 2991 381 3040 tot,
416 2993 529 3040 quot
552 2992 599 3031 et
622 2991 841 3041 quociens
864 2991 1037 3032 habere
1060 2991 1259 3032 voluerit
1283 2992 1327 3031 in
1351 2992 1624 3033 memoriam
1648 2992 1712 3031 rei
1736 2993 1883 3041 geste.

231 3113 263 3146 a)
283 3113 343 3140 Die
370 3114 608 3142 Konstrulstion
643 3115 682 3142 ist
716 3116 867 3143 verloron.

1589 3167 1671 3208 28*
