2178 3404
718 170 788 202 (lut
798 169 939 202 achtcn
968 167 1074 200 eines
1102 166 1339 206 Anonynius.
1827 149 1909 189 651

142 298 233 327 11011
267 286 486 325 16116111111·
518 281 626 321 dicti
653 277 903 319 t'astellani
937 276 992 315 de
1027 286 1116 315 uno
1152 273 1375 313 scismate
1410 281 1580 321 ponere
1615 280 1664 307 se
1690 268 1745 307 ad
1781 266 1915 313 aliud,¹

143 358 194 397 ut
240 355 436 395 videtur.
512 350 846 392 Nichiloniinus
894 359 984 387 non
1031 345 1248 385 videntur
1298 340 1604 389 excusabiles,
1656 338 1761 388 quia
1812 337 1915 376 huic

143 425 301 468 cedule
341 426 390 464 et
430 421 641 463 scismati
683 418 976 460 occasionem
1019 415 1277 466 proximam
1317 412 1639 463 prestiterunt,
1683 408 1771 458 qui,
1813 419 1915 447 cum

143 497 303 538 statim
331 494 570 535 venientes
606 491 662 532 ad
687 489 928 530 concilium
966 488 1073 527 ante
1098 485 1253 526 omnia
1287 483 1414 524 unire
1449 495 1499 521 so
1524 480 1716 521 concilio
1752 478 1916 518 debue-

143 572 263 620 runt,
296 577 389 606 non
430 564 656 613 fecerunt,
697 562 770 601 set
810 560 1004 609 agentes
1039 556 1198 597 ordine
1232 555 1507 605 prepostero
1548 550 1788 591 electionis
1822 561 1917 589 ma-

144 629 310 671 teriam
344 629 691 682 intraverunt.¹)

261 706 389 746 Nunc
423 703 698 745 veniendum
735 703 809 742 est
842 700 1066 751 quantum
1103 698 1159 738 ad
1181 698 1368 739 modum
1404 701 1650 743 eleccionis
1685 704 1728 743 111
1763 715 1813 743 86
1846 703 1917 743 hic

145 777 361 827 positum.
426 775 483 815 Et
525 774 641 825 dico,
688 772 807 823 quod
846 772 921 811 est
963 769 1263 819 impossibilis
1299 770 1356 810 ad
1398 772 1655 821 perfectam
1703 774 1916 814 unionem

145 846 534 897 consequendam.
583 844 732 894 Patet,
767 842 886 893 quia⁷
921 853 1025 881 cum
1049 840 1172 880 nullo
1197 840 1294 880 iure
1319 842 1548 893 tradatur,
1583 845 1664 884 sed
1689 857 1769 894 per
1792 844 1934 893 solos,

145 917 404 958 cardinales
438 918 511 957 est
534 916 766 964 inventus,
801 913 875 963 qui
909 923 1000 952 non
1024 910 1198 951 habent
1230 913 1518 961 potestatem
1547 914 1743 955 faciendi
1778 915 1918 955 talem

144 988 290 1038 legem
326 987 534 1038 eligendi,
574 986 629 1025 de
662 985 758 1025 iure
792 995 883 1023 non
925 982 1143 1022 subsistit
1176 993 1257 1031 per
1298 983 1522 1032 regulam.
1587 985 1653 1025 Ea
1685 997 1771 1035 que
1805 985 1917 1025 fiunt

145 1070 246 1099 cum
283 1058 380 1098 suis
414 1068 598 1099 concor.
647 1056 713 1096 De
747 1067 809 1095 re.
844 1055 901 1094 iu.
936 1053 978 1093 li.
1005 1049 1114 1103 VN)
1162 1052 1303 1093 Esset
1335 1054 1455 1093 enim
1491 1055 1578 1096 hoc
1614 1067 1726 1095 casu
1760 1067 1919 1095 neces-

148 1129 322 1169 sarium
348 1130 456 1169 ante
491 1127 660 1179 omnia,
693 1128 745 1166 ut
769 1137 955 1165 sacrum
981 1124 1221 1165 concilium
1260 1124 1541 1174 approbaret
1576 1126 1715 1166 istam
1741 1126 1921 1166 ordina—

147 1199 321 1239 tionem
347 1200 396 1239 et
419 1198 656 1249 suppleret
679 1196 911 1237 defectum
939 1195 1046 1235 talis
1066 1195 1192 1235 iuris.
1229 1194 1295 1234 Ex
1320 1207 1408 1245 quo
1435 1196 1644 1246 sequitur
1667 1197 1921 1247 evidenter,

147 1269 269 1320 quod
312 1269 388 1310 illa
435 1269 642 1310 clausula
688 1279 829 1318 prope
874 1266 1010 1307 finem
1058 1266 1212 1316 posita
1254 1266 1489 1307 videlicet:
1536 1267 1594 1307 Et
1638 1267 1721 1308 hec
1768 1268 1921 1308 omnia

148 1340 263 1381 fiant
296 1352 435 1381 sacro
469 1340 684 1389 primitus
720 1370 727 1378 .
764 1370 771 1378 .
808 1370 816 1378 .
852 1337 1096 1387 supplente
1131 1339 1219 1377 etc.
1254 1339 1328 1377 est
1367 1337 1411 1376 in
1446 1337 1654 1378 fraudem
1692 1338 1922 1388 apposita,

148 1412 200 1451 ut
223 1411 404 1452 videtur
436 1411 494 1451 ad
528 1409 845 1460 decipiendum
877 1408 1134 1458 concilium,
1169 1410 1220 1447 ut
1248 1407 1333 1447 sibi
1368 1408 1453 1448 sub
1487 1408 1573 1449 hoc
1603 1409 1758 1449 colore
1792 1411 1922 1459 pote-

149 1483 323 1522 statem
350 1481 527 1522 tribuat
561 1480 769 1531 eligendi,
794 1491 930 1530 quain
967 1480 1074 1519 actu
1105 1490 1195 1518 non
1220 1478 1406 1529 habent,
1443 1480 1769 1521 reservacione
1801 1480 1922 1520 sacri

150 1552 329 1593 concilii
354 1552 629 1602 obsistente,
664 1550 784 1601 quod
808 1550 894 1590 sibi
918 1549 1106 1590 modum
1131 1551 1178 1589 et
1210 1548 1408 1589 formam
1434 1550 1630 1599 eligendi
1660 1551 1921 1590 reservavit

149 1625 197 1663 et
240 1623 306 1664 sic
348 1623 534 1663 videtur
579 1622 838 1673 capciosus.
903 1621 1095 1670 Insuper
1137 1620 1288 1670 quoad
1332 1632 1573 1661 numerum
1620 1632 1923 1670 personarum

150 1694 316 1735 modus
351 1695 425 1734 est
459 1694 709 1743 suspectus
743 1692 787 1731 111
821 1704 889 1741 eo,
925 1691 1046 1741 quod
1080 1691 1261 1740 dicitur5
1296 1691 1417 1741 quod
1450 1703 1671 1731 numerus
1706 1703 1925 1741 persona-

151 1776 253 1804 rum
287 1764 342 1804 de
374 1764 567 1804 concilio
600 1774 843 1804 numerum
880 1762 1180 1803 cardinalium
1215 1773 1307 1802 11011
1341 1761 1550 1802 excedat.
1605 1762 1719 1802 Nam
1755 1762 1926 1801 domini

152 1834 427 1885 cardinales,
462 1846 565 1874 cum
601 1834 693 1874 sint
727 1845 867 1874 unum
903 1833 1160 1883 collegium,
1205 1844 1343 1872 unum
1381 1844 1564 1882 corpus,
1600 1833 1733 1872 unius
1768 1833 1926 1873 volun-

151 1906 267 1946 tat-is
300 1907 348 1945 et
371 1917 644 1955 consensus,
678 1905 733 1944 de
758 1905 853 1944 iure
887 1906 1220 1954 presumuntur
1252 1905 1476 1953 quantum
1507 1903 1563 1943 ad
1596 1915 1664 1951 ea„
1699 1914 1784 1953 que
1821 1914 1926 1943 con-

151 1978 347 2017 cernunt
381 1976 632 2016 utilitatem
668 1976 873 2025 ipsorum
916 1975 1093 2025 collegii
1128 1974 1201 2014 vel
1234 1974 1456 2015 honorem
1500 1976 1547 2014 et
1581 1974 1687 2024 quia
1727 1974 1827 2013 iura
1860 1974 1926 2013 eis

151 2048 195 2087 in
240 2047 325 2087 hoc
368 2046 527 2087 favere
571 2046 801 2097 videntur⁷
844 2058 930 2096 que
972 2046 1235 2096 loquuntur,
1278 2045 1398 2095 quod
1442 2046 1623 2085 tantuin
1669 2044 1723 2084 de
1766 2044 1926 2084 eadem

153 2118 350 2159 ecclesia
394 2118 463 2157 vel
508 2117 699 2167 collegio
747 2117 960 2158 facienda
1004 2117 1064 2156 sit
1110 2116 1294 2165 eleccio,
1340 2116 1427 2155 nisi
1471 2115 1528 2155 ibi
1571 2116 1723 2155 nullus
1763 2115 1927 2165 dignus

153 2188 352 2229 forsitan
395 2190 556 2239 posset
601 2188 805 2239 reperiri,
852 2188 972 2239 quod
1016 2187 1242 2238 probatur
1278 2186 1369 2226 LXI
1416 2186 1471 2225 di.
1515 2186 1674 2226 Nullus
1718 2181 1928 2233 invitis.²³)

154 2259 211 2299 Et
256 2259 358 2299 ideo
405 2262 737 2310 presumuntur
781 2271 871 2299 non
916 2259 1031 2299 velle
1078 2258 1275 2308 aliquem
1322 2259 1457 2297 extra
1502 2268 1635 2296 81111111
1684 2256 1927 2306 collegium

154 2330 336 2380 eligere.
384 2330 471 2370 Alii
496 2342 606 2370 vero
631 2342 722 2371 non
758 2329 936 2370 faciunt
960 2342 1099 2369 unum
1126 2329 1383 2379 collegium,
1419 2328 1498 2367 sed
1525 2339 1626 2367 cum
1664 2327 1757 2366 sint
1780 2326 1928 2366 diver—

154 2412 312 2441 sorum
338 2412 582 2450 corporum
604 2404 647 2441 et
669 2401 932 2452 nacionum,
959 2400 1168 2450 sequitur
1191 2400 1235 2438 in
1260 2399 1371 2449 ipsis
1392 2398 1643 2438 diversitas
1668 2397 1925 2437 animorum

111 2510 114 2512 ,
154 2474 202 2511 et
235 2471 336 2511 ideo
376 2471 576 2511 faciliter
618 2474 725 2511 sunt
762 2471 972 2511 vincendi
1006 2482 1088 2520 per
1121 2470 1259 2510 aliam
1300 2472 1478 2519 partein
1524 2468 1598 2508 alii
1633 2468 1814 2517 timore,
1854 2467 1928 2507 alii

156 2542 317 2582 favore
350 2544 438 2582 etc.
473 2545 519 2582 et
563 2542 667 2592 quia
702 2542 852 2581 virtus
888 2541 1017 2581 unita
1050 2541 1093 2580 in
1129 2552 1218 2580 una
1252 2541 1385 2590 parte
1426 2538 1598 2579 sorcior
1635 2540 1705 2578 est
1743 2550 1792 2577 se
1826 2538 1928 2588 ipsa

157 2613 367 2663 dispersa
402 2613 445 2652 in
481 2613 570 2652 alia
604 2614 750 2663 parte.
802 2612 859 2652 Et
893 2612 959 2652 sic
993 2610 1262 2651 necessario
1298 2609 1501 2649 manebit
1538 2609 1581 2648 in
1617 2608 1928 2649 cardinalibus

158 2685 260 2724 tota
294 2685 508 2733 potestas
543 2683 751 2733 eligendL
787 2693 1103 2733 quemcunque
1138 2681 1314 2731 volunt,
1348 2681 1395 2719 et
1427 2691 1517 2719 11011
1553 2680 1595 2719 111
1631 2679 1837 2719 concilio.
1872 2678 1927 2717 Et

158 2754 264 2804 quia
296 2754 387 2793 iste
410 2754 575 2794 modus
609 2754 894 2804 presumitur
920 2765 1012 2793 non
1045 2752 1215 2792 habere
1250 2751 1567 2791 sinceritatem
1598 2751 1645 2790 et
1678 2750 1927 2800 puritatem

280 2891 304 2935 ¹)
334 2893 585 2934 Eriimerimgy
624 2903 679 2925 (ιη
719 2892 793 2925 (len
829 2890 1034 2932 Vsu-schlay
1073 2890 1141 2922 dci·
1180 2887 1371 2922 Kastilicr
1410 2897 1483 2920 1)οη
1524 2886 1631 2919 Endc
1670 2886 1793 2929 April.
1852 2886 1928 2927 Vyl.

158 2952 222 2984 Bd
248 2952 295 2984 II
316 2952 396 2985 100.

279 3008 305 3051 ²)
337 3010 415 3052 Vyl.
444 3008 594 3052 Regula
623 3010 679 3043 24.

280 3067 307 3111 3)
336 3069 429 3101 Dist.
458 3069 502 3101 61
529 3078 546 3101 c
583 3068 637 3100 13.
