2178 3404
325 131 651 175 Anklageartikel
680 131 755 163 und
783 130 1142 172 Zeugenaussagen
1169 139 1297 173 gegen
1324 127 1481 162 Johann
1510 127 1646 160 XXIII.

152 1241 283 1284 LXII.
346 1244 397 1284 D.
430 1244 669 1285 Johannes
714 1245 771 1285 ad
817 1244 942 1295 oppi-

93 1315 199 1355 dum
236 1314 528 1356 Schafhusen
562 1327 612 1355 se
636 1315 850 1355 retraxit.
886 1314 944 1355 Et

92 1386 339 1428 nonnullos
374 1386 649 1437 cardinales,
697 1386 942 1437 episcopos

92 1458 139 1497 et
172 1457 379 1508 prelatos
415 1469 469 1498 ac
493 1457 638 1498 eciam
665 1459 942 1498 cortesanos

91 1529 139 1568 et
188 1527 443 1578 principum
495 1528 867 1568 ambassiatores
917 1540 943 1568 a

91 1598 298 1648 presenti
347 1598 540 1639 civitate
586 1597 942 1639 Constanciensi

91 1669 149 1709 ad
183 1681 233 1710 se
266 1669 423 1710 venire
455 1670 593 1710 iussit
629 1702 635 1710 .
672 1701 679 1709 .
716 1702 723 1709 .
759 1672 805 1709 et
838 1682 941 1710 eum

91 1740 222 1791 sequi
255 1740 520 1781 nolentibus
556 1742 633 1781 aut
670 1752 761 1780 non
786 1741 940 1781 valen-

91 1810 215 1850 tibus
238 1811 496 1862 mandavit,
530 1813 581 1851 ut
612 1811 666 1851 de
689 1811 776 1852 hoc
804 1823 940 1852 sacro

89 1881 192 1922 loco
226 1881 497 1922 recederent
533 1913 540 1921 .
577 1914 584 1922 .
622 1914 629 1922 .

1787 119 1868 160 201

1020 250 1161 289 super
1186 238 1291 278 LVI.
1311 238 1419 279 dicit
1442 238 1689 279 articulum
1709 249 1869 278 verum

1021 312 1064 349 et
1090 309 1351 358 notorium3
1382 320 1521 359 super
1546 308 1672 348 LVII.
1699 309 1869 354 credit:

1022 391 1160 429 super
1190 379 1335 419 LVIII.
1368 379 1478 419 dicit
1513 379 1758 420 articulum
1794 391 1870 419 ve-

1022 462 1122 490 rum
1157 452 1203 490 et
1241 450 1491 497 notorium.
1557 449 1871 500 cephaluden-

1021 521 1086 560 sis
1121 522 1165 560 et
1203 520 1456 560 Laudensis
1480 520 1683 570 episcopi
1714 520 1870 561 dicunt

1022 591 1267 631 articulum
1303 590 1409 637 LVI.
1435 602 1595 631 verum
1627 593 1670 630 et
1696 591 1871 631 notori-

1021 673 1123 710 um3
1178 673 1317 711 super
1371 661 1498 700 LVII.
1548 661 1707 702 dicunt
1761 662 1870 701 arti-

1023 732 1174 772 culum
1209 744 1384 772 verum.
1427 731 1790 782 Cephaludensis
1825 735 1871 773 et

1022 800 1260 843 Olorensis
1295 815 1351 843 ex
1386 803 1544 843 auditu
1593 803 1870 851 multorum;

1020 885 1160 926 super
1194 873 1342 914 LVIII.
1375 873 1738 924 Cephaludensis
1762 874 1869 914 dicit

1021 946 1268 987 articulum
1324 957 1483 985 verum
1537 946 1581 985 et
1631 956 1869 985 recessum

1022 1016 1366 1059 scandalosum.
1416 1015 1670 1056 Laudensis
1695 1018 1739 1055 et
1766 1013 1870 1056 Olo-

1020 1088 1170 1128 rensis
1217 1087 1375 1128 dicunt
1428 1087 1580 1137 quoad
1631 1098 1869 1128 recessum

1020 1158 1265 1199 articulum
1301 1169 1406 1198 esse
1441 1170 1615 1198 verum.

1078 1241 1187 1281 LIX.
1238 1240 1420 1282 Cunczo
1467 1241 1578 1281 dicit
1624 1240 1869 1281 articulum

1018 1324 1193 1352 verum.
1211 1312 1333 1351 Idem
1349 1311 1869 1362 Quinqueecclesiensis.

1020 1378 1117 1435 [De]
1153 1383 1331 1423 Ursinis
1366 1382 1477 1423 dicit
1514 1382 1758 1423 articulum
1794 1394 1869 1422 ve-

1018 1466 1134 1504 rum,
1159 1454 1265 1505 quia
1289 1455 1480 1494 constat
1504 1465 1583 1504 per
1602 1453 1691 1493 duo
1711 1452 1870 1493 brevia

1017 1524 1278 1574 missaper
1324 1536 1492 1574 papam
1543 1523 1869 1574 cardinalibus,

1017 1596 1065 1635 ut
1102 1595 1219 1635 irent
1257 1595 1314 1635 ad
1360 1607 1478 1635 eum.
1526 1594 1765 1634 ‚lohannes
1815 1595 1869 1635 de

1018 1665 1203 1717 Polleyo
1253 1666 1365 1706 dicit
1414 1665 1658 1706 articulum
1708 1677 1866 1706 verum

1016 1739 1060 1776 et
1124 1737 1373 1777 notorium.
1458 1736 1536 1786 Ep.
1596 1736 1867 1777 Narniensis

1017 1807 1127 1847 dicit
1168 1807 1413 1848 articulum
1461 1819 1636 1857 verum.
1686 1807 1792 1857 quia
1841 1820 1867 1848 a

1016 1878 1221 1929 pluribus
1267 1878 1550 1919 notabilibus
1598 1878 1775 1918 audivit
1820 1880 1867 1919 et

1011 1950 1212 2000 ipsemet
1246 1949 1333 1990 fuit
1367 1950 1619 2000 requisitus
1650 1960 1730 1999 per
1753 1961 1866 1990 nun-

1012 2021 1131 2061 cium
1157 2033 1288 2072 pape,
1313 2021 1475 2067 utiret
1500 2020 1557 2060 ad
1587 2020 1864 2061 Scaffusiam

1011 2091 1082 2131 vel
1110 2092 1166 2132 ad
1192 2091 1385 2132 Italiam.
1444 2092 1569 2142 Deys
1595 2091 1719 2142 dicit,
1744 2091 1866 2142 quod

1011 2165 1085 2203 est
1120 2175 1294 2209 verum.
1336 2163 1442 2214 quia
1489 2165 1619 2203 totus
1666 2163 1865 2203 mundus

1012 2234 1114 2274 scit.
1167 2234 1213 2274 Β.
1261 2234 1315 2274 de-
1363 2233 1536 2281 Vincio.
1582 2234 1702 2284 quod
1746 2246 1865 2284 papa

1012 2305 1257 2345 mandavit
1296 2306 1339 2344 in
1376 2304 1621 2355 Scaffusia,
1668 2307 1719 2345 ut
1764 2316 1864 2345 cur-

1013 2376 1165 2416 tesani
1191 2376 1458 2417 recederent
1486 2376 1540 2415 de
1561 2374 1864 2423 (f'onstancia3

1011 2447 1054 2486 in
1102 2459 1235 2497 quem
1283 2459 1394 2487 vero
1448 2446 1583 2486 finem
1640 2446 1751 2487 dicit
1814 2458 1863 2486 se

1010 2517 1205 2557 nescire.
1280 2516 1544 2557 Wolmarus
1593 2517 1703 2557 dicit
1753 2517 1862 2557 arti-

1012 2588 1162 2628 culum
1188 2600 1363 2639 verum,
1389 2588 1495 2638 quia
1515 2588 1629 2627 vidit
1653 2587 1860 2628 cedulam

1012 2658 1199 2699 affixam
1236 2659 1279 2698 in
1315 2655 1604 2710 scaffusia1).
1639 2658 1690 2698 H.
1723 2658 1863 2699 Kuwt

1012 2729 1123 2771 (licit
1188 2730 1433 2770 articulum
1510 2741 1616 2770 esse
1686 2741 1861 2770 verum.

210 2852 234 2894 ¹)
268 2853 449 2888 Vatih‘au.
479 2854 631 2889 Arcln'v.
660 2856 748 2897 Rea.
773 2856 846 2889 332
868 2857 897 2899 f.
924 2856 1017 2889 520:
1043 2854 1162 2897 Copia
1191 2855 1326 2888 cedule
1346 2855 1473 2897 posite
1494 2855 1530 2887 in
1551 2855 1677 2888 valvis
1697 2855 1861 2888 ecclesie

90 2910 185 2944 dicti
213 2912 287 2944 loci
315 2911 362 2945 de
390 2912 580 2946 mandato
610 2913 703 2946 dicti
731 2913 870 2946 intrusi
899 2913 961 2947 die
988 2914 1184 2947 dominica
1212 2914 1249 2946 in
1278 2914 1396 2947 ramis
1424 2914 1656 2955 palmarum.

207 2982 248 3014 In
277 2983 403 3016 valvsi
432 2983 597 3017 ecclesie
626 2984 715 3016 ville
743 2983 790 3017 de
818 2983 983 3018 Seafusa
1011 2996 1104 3020 usur.

88 3040 226 3075 vorher
250 3042 386 3077 Harclt
411 3043 459 3076 ΙΙ
481 3043 558 3077 153.

1151 2985 1230 3029 Vyl.
1257 2985 1453 3029 Auschlag]
1479 2987 1523 3019 'in
1550 2986 1751 3019 Konstcmz
1777 2986 1862 3028 tagss
