2178 3404
309 162 395 203 472
667 172 725 205 ΙΙΙ.
753 172 972 205 Absclmitt.
1024 172 1216 205 Benedikt
1244 173 1341 206 XIII.
1371 174 1448 207 und
1477 174 1547 207 das
1574 175 1722 208 Konzii.

430 281 598 331 Primo,
623 281 743 332 quod
766 280 933 321 debeat
958 283 1233 333 congregari
1257 285 1304 323 et
1328 284 1578 324 convocari
1603 285 1845 325 concilium
1870 286 2084 337 generale

313 352 516 392 omnium
562 351 935 392 obedienciarum
977 354 1074 393 tam
1110 353 1151 393 d.
1186 354 1336 394 nostri
1370 366 1487 405 pape
1522 354 1758 396 Benedicti
1801 368 1936 406 quam
1979 357 2083 397 olim

310 422 468 462 vocati
499 421 727 462 ¹Iohannis
762 424 809 462 et
844 423 950 462 olim
987 424 1141 463 vocati
1179 423 1386 475 Gregorii
1421 425 1806 466 contendencium
1832 427 1886 466 de
1912 430 2085 477 papatu

310 492 389 539 ita,
424 492 545 542 quod
580 495 853 545 congregati
886 506 1005 534 nunc
1047 495 1089 533 in
1125 495 1410 535 Constancia
1456 507 1538 536 seu
1570 496 1797 537 habentes
1843 510 1983 548 posse
2030 498 2085 538 ab

310 562 377 603 eis
412 565 583 603 vocent
616 575 766 616 reges,
809 565 1041 615 principes
1075 568 1119 605 et
1162 566 1369 616 prelatos
1404 579 1457 607 ac
1493 567 1609 607 alios
1644 570 1897 609 consuetos
1928 569 2085 609 vocari

310 633 368 673 ad
403 633 646 674 concilium
681 637 911 685 generale,
947 637 1021 686 qui
1056 639 1163 676 sunt
1199 637 1254 677 de
1288 637 1556 678 obediencia
1590 638 1761 679 domini
1796 639 1945 680 nostri
1970 652 2086 690 pape

310 703 561 756 Benedicti,
596 707 648 745 ut
682 708 811 747 certa
845 707 916 747 die
949 707 1021 748 hic
1055 707 1322 758 prefigenda
1356 709 1450 748 sint
1492 709 1535 748 in
1578 709 1769 751 civitate
1805 710 2087 750 Constancia

309 774 545 825 provincie
580 775 847 826 Maguntine
880 790 963 828 pro
999 779 1316 819 celebracione
1351 779 1461 820 dicti
1490 781 1682 822 concilii.
1733 781 1791 821 Et
1816 781 1913 831 pari
1937 780 2088 822 forma

308 857 459 897 reges,
494 846 725 897 principes
759 850 806 888 et
839 849 1004 899 prelati
1039 850 1175 890 istius
1211 849 1492 901 obediencie,
1527 851 1602 901 qui
1636 851 1708 892 hic
1744 853 1855 892 sunt
1895 863 2086 902 congre—

308 916 420 966 gatL
454 917 603 957 eciam
638 918 874 959 vocabunt
909 932 1059 971 reges7
1093 921 1323 971 principes
1357 923 1403 961 et
1438 921 1603 971 prelati
1638 923 1832 963 alterius
1873 922 2086 963 obedien-

310 987 377 1027 cie
411 989 498 1028 etc.
533 990 580 1028 et
613 989 657 1028 in
692 990 854 1031 eadem
890 991 1083 1031 civitate
1119 991 1400 1032 Constancie
1434 994 1522 1033 etc.

429 1070 543 1111 Item
580 1074 862 1114 convocacio
896 1073 978 1114 fiat
1013 1074 1068 1114 ob
1104 1086 1275 1115 causas
1311 1077 1562 1125 sequentes
1596 1077 1643 1115 et
1676 1088 1767 1117 non
1801 1076 1932 1126 alias,
1963 1076 2086 1116 vide-

310 1141 417 1182 licet
450 1153 532 1191 pro
573 1143 891 1194 extirpacione
936 1145 1025 1185 iam
1074 1145 1182 1185 dicti
1231 1146 1471 1186 scismatis
1521 1149 1568 1186 et
1615 1147 1918 1187 assecucione
1967 1147 2087 1187 dicte

310 1212 492 1252 unionis
526 1214 574 1252 et
606 1225 688 1263 pro
728 1214 879 1255 fienda
913 1215 1157 1256 ellectione
1191 1216 1310 1257 unici
1347 1215 1489 1257 futuri
1525 1217 1694 1257 summi
1734 1217 1968 1268 pontificis
2009 1229 2088 1268 pei·

308 1282 425 1334 illos,
460 1283 517 1322 ad
552 1296 669 1334 quos
703 1286 936 1335 pertinere
970 1286 1151 1335 debeat„
1187 1290 1386 1327 vacante
1422 1289 1579 1328 tamen
1614 1288 1741 1338 prius
1789 1290 1963 1338 papatu
2008 1299 2088 1338 per

308 1354 713 1395 renunciacionem
749 1356 858 1396 dicti
893 1357 1063 1397 domini
1098 1358 1248 1398 nostri
1284 1370 1400 1408 pape
1436 1358 1670 1399 Benedicti
1706 1361 1788 1399 aut
1832 1358 1931 1399 eius
1971 1358 2087 1399 eiec-

309 1423 435 1464 tione
475 1436 556 1474 per
601 1427 882 1472 sentencias,
929 1430 975 1468 et
1019 1429 1165 1468 eciam
1212 1441 1293 1479 pro
1341 1429 1633 1479 procedendo
1681 1432 1846 1471 contra
1892 1430 2085 1470 eundem

310 1494 545 1536 dominum
570 1499 783 1537 nostrum
805 1511 972 1549 papam
994 1499 1291 1540 Benedictum
1312 1500 1546 1541 nolentem
1567 1503 1648 1541 aut
1667 1500 2085 1551 subterfugientem

310 1566 582 1607 renunciare
616 1579 697 1617 per
730 1568 833 1609 illas
867 1569 984 1620 vias7
1019 1582 1100 1620 per
1134 1582 1251 1621 quas
1276 1572 1505 1621 reperitur
1529 1571 1583 1611 de
1608 1571 1705 1612 iure
1729 1583 1870 1622 posse
1900 1571 2086 1621 procedi

310 1637 354 1677 in
390 1637 468 1678 tali
505 1651 631 1686 casu,
665 1640 713 1678 et
746 1640 892 1680 eciam
927 1653 1010 1691 pro
1045 1641 1343 1683 reformando
1391 1644 1522 1683 statu
1568 1643 1847 1683 universalis
1893 1642 2087 1684 ecclesie

310 1710 407 1749 tam
441 1709 485 1749 in
520 1710 672 1760 capite
707 1722 844 1761 quam
879 1712 924 1751 in
957 1712 1179 1753 membris
1213 1715 1260 1753 et
1295 1725 1376 1763 pro
1412 1714 1512 1754 aliis
1548 1714 1704 1754 causis
1728 1713 1919 1754 inferius
1949 1713 2087 1753 deno-

310 1780 425 1820 tatis
491 1792 579 1821 una
644 1794 746 1822 cum
812 1783 1194 1835 dependentibus,
1258 1785 1606 1835 emergentibus
1676 1787 1723 1825 et
1787 1784 1977 1825 conexis
2042 1786 2087 1824 et

309 1851 457 1891 eciam
492 1863 546 1891 ex
582 1852 801 1902 predictis
836 1856 882 1894 et
916 1854 1230 1905 infrascriptis
1265 1856 1422 1907 itaque
1458 1868 1538 1907 pro
1574 1856 1730 1897 causis
1764 1855 2086 1906 preexpressis

309 1933 488 1962 necnon
524 1926 567 1963 et
606 1924 916 1975 infrascriptis
952 1927 1280 1967 tantummodo
1297 1927 1329 1975 ²¹)
1364 1930 1650 1968 convocetur
1690 1929 1732 1967 et
1777 1928 2088 1977 congregetur

310 1992 483 2034 dictum
521 1995 763 2035 concilium
799 1997 1028 2045 generale.
1095 1996 1151 2036 Et
1184 1997 1258 2044 1111,
1293 1998 1367 2048 qui
1394 1998 1607 2038 venerint
1630 1998 1684 2038 de
1708 1998 1795 2038 hac
1821 1997 2087 2038 obediencia

312 2063 369 2103 ad
415 2064 586 2105 dictum
637 2066 896 2117 concilium7
943 2068 1262 2117 ingredientur
1304 2069 1478 2109 dictum
1523 2069 1767 2110 concilium
1810 2068 1957 2109 solum
2005 2079 2087 2118 pro

312 2134 413 2175 aliis
447 2138 488 2175 et
527 2136 687 2177 eodem
724 2138 862 2178 modo
897 2141 942 2177 et
965 2150 1068 2190 non
1103 2139 1192 2179 alio
1228 2140 1512 2189 recipiantur
1553 2143 1600 2180 et
1646 2140 1959 2180 admittantur
2002 2138 2086 2179 boc

311 2218 534 2256 expresse
570 2207 741 2259 addito,
767 2209 887 2258 quod
912 2209 969 2249 ad
995 2210 1083 2250 alia
1107 2210 1357 2261 procedere
1386 2223 1475 2250 non
1502 2211 1659 2251 valeat
1682 2212 1729 2251 et
1754 2210 1791 2250 si
1816 2210 2087 2261 procedere-

312 2278 399 2327 tur,
435 2277 556 2327 quod
590 2290 678 2318 non
717 2279 895 2320 valeret
928 2282 975 2320 et
1008 2281 1102 2321 ista
1136 2281 1370 2322 dictentur
1404 2284 1451 2321 et
1485 2284 1791 2322 asserventur
1824 2281 2000 2321 meliori
2041 2282 2085 2321 et

310 2347 521 2389 validiori
556 2350 709 2401 modo,
743 2362 832 2401 quo
866 2350 964 2391 fieri
997 2354 1174 2402 posset.

311 2501 432 2549 (207)
462 2502 580 2543 vaess
624 2503 889 2556 (megyvlile'clw
942 2504 1385 2547 Gelicimbcscleliisse
1430 2505 1484 2545 K.
1533 2505 1834 2546 Fe›·({2·1eaml.s
1890 2506 1987 2546 med
2037 2505 2085 2546 Κ.

460 2572 782 2626 ιὸ’ἰ9ῖ.ςιιι,«ιι))(ἶ.ς,·
823 2574 1176 2629 Λιιηηῖῖὶογηηῃ
1216 2577 1299 2617 flet·
1341 2577 1535 2618 walum
1580 2576 1796 2617 Clemens·
1856 2576 1945 2617 I'JJ.
1992 2577 2089 2617 efud

459 2643 705 2685 Romami-ts
747 2645 894 2688 XIII..
939 2646 1248 2699 [hen-medem„
1289 2649 1368 2688 (les
1411 2648 1649 2689 brachium
1695 2648 1904 2688 seculare
1945 2660 2084 2700 gsvgsctae

460 2715 683 2756 Betwde'hl
716 2718 789 2757 (ils
820 2716 1078 2758 Hareni-er.
1152 2718 1390 2760 ‘irin-breues
1425 2733 1498 2759 nm
1536 2718 1776 2760 Dezemher
1809 2719 1933 2758 1415.

431 2796 560 2830 Paris.
588 2795 685 2829 Be‘bl.
714 2797 934 2832 Nationsde.
967 2798 1054 2832 Cod.
1083 2800 1176 2833 1479
1201 2801 1230 2841 f.
1250 2801 1327 2834 158.

430 2881 528 2922 Due
563 2882 634 2922 vie
670 2883 923 2933 capitulate
956 2885 1078 2925 inter
1111 2897 1267 2936 regem
1303 2885 1571 2936 Aragonum
1596 2888 1643 2926 et
1666 2886 1998 2935 imperatorem
2029 2883 2086 2924 ad

313 2955 494 3003 partem
530 2953 807 3003 procedendi
842 2957 1006 2995 contra
1040 2956 1275 2996 dominum
1310 2959 1539 2997 nostrum.

430 3090 462 3124 a)
483 3090 575 3125 1⁸04(st
597 3090 788 3127 ›Tibersiz'ifssiss
809 3099 867 3124 pro
889 3091 974 3118 aliis.
