2178 3404
169 170 209 205 E.
260 169 453 204 Benedikt
470 169 568 203 XIII.
596 180 630 202 u.
659 166 693 202 d.
720 168 857 202 Konzil
885 179 919 201 v.
948 168 982 201 d.
1007 167 1260 200 Subtraktion
1288 165 1346 199 bis
1374 177 1403 198 z.
1424 166 1539 200 Wahl
1566 165 1731 206 Martius
1750 166 1794 198 V.
1852 156 1937 197 575

167 280 204 321 si
230 281 425 320 actenus
450 278 742 329 contigisset,
777 277 899 327 quod
922 288 1030 317 vere
1053 288 1145 317 non
1170 276 1401 316 credimus
1424 275 1497 315 vel
1520 275 1565 314 in
1598 274 1805 315 futurum
1831 286 1937 315 con-

167 351 382 401 tingeret,
417 349 539 400 quod
563 348 747 389 Christo
778 348 1045 388 auxilliante
1073 359 1163 387 non
1194 358 1452 397 speramus⁷
1488 346 1658 396 aliquid
1685 358 1771 386 nos
1797 346 1939 386 credi-

166 421 291 461 disse
315 420 387 461 vel
422 420 622 471 credere,
657 420 830 460 dixisse
853 419 926 459 vel
951 419 1116 469 dicere,
1152 418 1399 468 scripsisse
1423 418 1492 457 vel
1519 417 1737 468 scribere,
1770 416 1940 458 fecisse

168 492 240 532 vel
278 491 447 543 facere,
489 491 609 541 quod
644 490 818 531 directe
854 489 924 529 vel
964 489 1187 529 indirecte
1223 501 1249 529 a
1288 488 1526 529 soliditate
1565 490 1693 528 recte
1732 487 1834 528 fidei
1869 487 1939 528 vel

167 562 490 603 ecclesiastica
514 561 708 612 unitate,
734 560 856 611 quod
879 560 1017 611 absit,
1042 560 1086 599 in
1112 560 1262 610 aliquo
1288 559 1589 609 discreparet,
1614 558 1722 599 illud
1741 570 1795 599 ex
1820 570 1941 599 nunc

167 644 446 674 revocamus
471 633 518 672 et
541 634 763 683 quantum
790 634 864 672 est
888 631 932 671 in
955 630 1102 681 nobis,
1127 643 1209 681 pro
1234 642 1325 670 non
1351 630 1542 681 credito,
1571 641 1661 670 non
1686 629 1826 681 dicto,
1850 641 1940 670 non

167 703 342 754 scripto
359 703 518 743 haberi
532 703 747 743 volumus
764 704 811 742 et
825 701 1051 742 habemus
1067 712 1246 752 nosque
1262 702 1309 741 et
1325 700 1481 740 omnia
1497 702 1737 751 concepta,
1753 700 1942 751 credita,

168 774 365 825 prolata,
382 774 559 824 scripta
575 775 623 814 et
640 773 767 814 facta
783 774 949 813 nostra
965 772 1170 813 eiusdem
1190 773 1354 812 sancte
1370 771 1535 811 matris
1552 771 1747 811 ecclesie
1764 783 1944 812 correc-

167 845 282 886 tioni
301 843 635 896 submittimus,
660 844 813 895 parati
835 844 1131 894 acquiescere
1152 842 1431 883 correctioni
1452 841 1697 882 cuiuslibet
1717 842 1944 882 catholice

168 915 434 956 sencientis.
468 915 575 956 Dat.
601 914 686 955 sub
709 915 887 955 nostris
913 914 1074 965 sigillis
1100 913 1406 964 pendentibus
1431 912 1687 963 Paniscole,
1712 913 1942 953 Dertusen

167 986 233 1027 sis
253 986 467 1038 diocesis,
491 986 562 1026 die
586 986 732 1027 tercia
752 985 856 1026 Maii
880 984 1182 1036 pontificatus
1207 985 1247 1025 d.
1267 997 1308 1024 n.
1330 996 1445 1034 pape
1466 984 1513 1023 B.
1532 983 1645 1024 Xlll.
1667 996 1786 1024 anno
1806 984 1943 1024 XXll.

168 1124 289 1180 (245)
317 1126 374 1168 K.
410 1126 577 1180 Azfows
609 1140 670 1168 me
696 1126 892 1180 Elec-leof
920 1124 1055 1174 (Ollo)
1087 1126 1189 1167 wid
1218 1124 1402 1178 Kapa'tel
1439 1137 1516 1166 ron
1547 1124 1755 1166 Tomos-a:
1786 1125 1946 1176 Indis]-

320 1199 493 1249 mallon,
529 1198 624 1250 (ἷαβ
656 1199 721 1239 sie
757 1197 920 1239 Rullen
965 1198 1067 1238 ‘cited
1098 1196 1257 1249 Bre'efe
1291 1195 1537 1237 Romaim
1570 1195 1719 1248 XIII„
1754 1197 1827 1237 (lie
1860 1197 1948 1237 dax

327 1268 622 1311 Uniousweoss‘
644 1269 857 1320 lainam-n,
893 1268 1179 1321 elei-fiirclde’gs
1200 1279 1533 1320 (criegsenommen
1570 1266 1719 1308 haben
1750 1266 1851 1308 vim!
1885 1268 1943 1308 ism

317 1338 520 1393 Rem-‘effe
551 1353 706 1381 waren
743 1341 808 1380 sle
840 1353 893 1381 221
920 1339 1221 1392 pufbleoee’eren.
1296 1337 1449 1379 Verbo(
1485 1339 1621 1378 ‘viliter
1653 1337 1949 1389 Androlmnss

321 1411 545 1465 ,ςοῖηυρνρφζ
575 1409 777 1464 Slmfcn,
813 1411 959 1452 solelec
990 1409 1159 1451 Bullcn
1195 1409 1531 1459 (mzweelmwie7
1571 1422 1625 1449 w
1660 1409 1943 1461 publizieren

298 1474 426 1523 voder
466 1483 604 1523 ilmen
650 1494 703 1523 zu
745 1482 1011 1535 „qeleorcleem
1078 1480 1210 1521 Gebof
1242 1492 1303 1520 (m
1340 1480 1414 1520 ‹lic›
1447 1474 1694 1520 limantem:
1727 1481 1820 1529 (die
1860 1479 1947 1520 Un-

315 1552 637 1606 gycleorssmeen)
687 1556 924 1605 ,tanquam
979 1552 1191 1593 inimicos
1244 1553 1437 1591 nostros
1493 1550 1718 1601 capitales
1770 1550 1946 1601 publice

318 1621 567 1666 nuncient‘.
630 1623 725 1665 Der
757 1623 903 1675 Ενῖαβ
937 1623 1054 1663 wird
1098 1622 1273 1663 iiberall
1311 1621 1567 1662 rerkiimlel.
1630 1618 1857 1672 Spelunca
1894 1622 1948 1661 (le

319 1694 599 1736 Fraowolessaeo
632 1695 747 1735 1418
778 1693 882 1735 Mai
914 1694 980 1734 18.

288 1763 518 1804 Barcelmm,
547 1762 808 1805 Kronawchiv,
838 1763 924 1805 ΕΘΗ.
952 1762 1047 1795 2442
1072 1761 1096 1803 f.
1124 1762 1214 1795 8612

290 1823 514 1865 Alfonsus
549 1826 636 1865 etc.
661 1824 914 1865 venerabili
938 1824 981 1863 in
1008 1823 1193 1863 (*hristo
1218 1822 1339 1873 patri
1366 1854 1373 1861 .
1401 1854 1408 1862 .
1435 1854 1442 1862 .
1468 1822 1623 1861 divina
1648 1822 1944 1872 providencia

173 1895 392 1946 episcopo
425 1892 710 1936 Dertusensi'
743 1908 796 1936 ac
831 1895 1011 1936 dilectis
1053 1894 1231 1934 nostris
1272 1892 1471 1943 officiali7
1513 1893 1703 1943 decano⁷
1745 1893 1947 1943 capitulo

173 1975 226 2006 ac
251 1966 488 2007 canonicis
512 1967 636 2007 sedis
660 1966 961 2007 Dertusensis
986 1967 1185 2006 salutem
1211 1967 1258 2005 et
1282 1964 1591 2005 dilectionem.
1635 1964 1948 2004 Intelleximus

171 2048 264 2077 non
307 2037 406 2078 sine
448 2037 770 2088 indignacione
813 2037 1008 2088 modica⁷
1053 2037 1187 2087 quod,
1231 2035 1450 2076 exhibitis
1484 2035 1618 2075 vobis
1663 2036 1798 2085 paulo
1840 2038 1949 2085 post

174 2107 420 2148 decessum
454 2108 743 2149 serenissimi
778 2108 818 2148 d.
852 2108 977 2159 regis
1010 2107 1159 2158 patris
1183 2107 1346 2157 nostri,
1381 2106 1584 2156 gloriose
1619 2106 1856 2157 memorie,
1892 2106 1948 2146 ad

175 2177 538 2220 subvertendam
583 2179 967 2229 prosequcionem
1012 2178 1312 2229 negociorum
1356 2177 1538 2217 unionis
1579 2178 1743 2217 sancte
1784 2177 1949 2216 matris

175 2249 370 2289 ecclesie
403 2262 487 2300 pro
513 2251 647 2300 parte
682 2250 721 2289 d.
747 2249 983 2290 Benedicti
1007 2248 1240 2290 nonnullis
1264 2248 1399 2288 bullis
1424 2259 1506 2287 seu
1530 2247 1714 2298 litteris,
1749 2259 1834 2286 vos
1859 2259 1948 2287 non

174 2319 517 2372 existimantes
561 2320 682 2371 quod
725 2320 852 2361 cordi
895 2332 1078 2360 summa
1112 2321 1268 2370 preter
1311 2319 1467 2358 omnia
1504 2329 1722 2368 geramus
1758 2316 1947 2357 affixum

175 2389 300 2430 dicta
332 2391 528 2441 negocia
571 2391 766 2431 ecclesie
811 2391 1042 2441 prosequi,
1086 2392 1132 2430 et
1174 2401 1264 2429 non
1300 2390 1534 2439 verentes,
1578 2389 1701 2428 ultra
1745 2387 1948 2427 divinum

175 2460 392 2501 iudicium
419 2473 589 2511 graves
614 2473 758 2511 penas
792 2461 1042 2511 incurrere,
1076 2461 1119 2500 in
1145 2472 1260 2511 quas
1285 2458 1568 2505 incedistiss‘)
1591 2459 1722 2498 iuxta
1750 2457 1947 2498 sormam

178 2530 440 2571 litterarum
474 2531 723 2583 regiarum,
759 2543 936 2582 queque
970 2531 1115 2581 rigida
1149 2530 1432 2581 exequcione
1464 2529 1663 2570 forsitan
1697 2540 1788 2569 non
1824 2540 1950 2568 care-

176 2601 293 2651 rent7
328 2601 373 2640 ni
407 2610 519 2650 erga
542 2613 629 2641 vos
654 2602 905 2642 temerario
935 2613 1066 2652 ausu,
1100 2603 1152 2641 ut
1185 2601 1451 2651 predicitur,
1486 2599 1753 2650 obcecatos7
1788 2599 1951 2639 inicius

177 2682 339 2721 gerere
371 2683 458 2712 nos
492 2671 731 2723 vellemus‚
774 2671 923 2712 bullas
958 2684 1039 2712 seu
1073 2671 1257 2712 litteras
1300 2671 1428 2721 ipsas
1469 2672 1521 2711 ut
1562 2670 1814 2720 participes
1855 2671 1950 2709 tur-

177 2740 385 2782 bacionis
420 2742 549 2792 pacis
583 2742 778 2783 ecclesie
806 2742 1112 2782 veneraciime
1146 2741 1345 2792 quadam
1380 2741 1640 2791 recepistis⁷
1674 2740 1951 2780 exhibuistis

177 2814 224 2852 et
256 2812 301 2852 in
335 2814 444 2853 actu
468 2812 625 2853 fuistis
650 2812 930 2863 publicandi:
966 2812 1170 2863 Cumque
1198 2812 1297 2863 hec,
1332 2824 1413 2862 per
1440 2823 1526 2862 que
1549 2811 1687 2861 Deus7
1722 2811 1852 2851 cuius
1876 2822 1951 2849 res

179 2883 347 2935 agitur,
382 2883 501 2924 satis
542 2882 789 2934 ofenditur,
831 2895 919 2933 pax
954 2883 1233 2923 universalis
1273 2882 1518 2932 oprimitur
1560 2883 1608 2921 et
1640 2881 1864 2921 mandata
1899 2893 1951 2920 ac

179 2948 547 3006 ordinacionesb)
569 2954 695 3005 regie
721 2954 1028 3004 necliguntur,
1062 2965 1153 2994 non
1178 2953 1366 2994 valeant
1395 2952 1569 3003 absque
1593 2952 1772 2992 ulcione
1796 2950 1953 2991 debita

298 3077 330 3111 a)
351 3076 394 3105 So
414 3077 486 3113 Rey.
526 3077 560 3112 b)
579 3078 652 3113 Rey.
674 3078 911 3105 ordinacionis.
