2178 3404
259 161 345 211 566
614 171 674 204 ΙΙΙ.
702 170 921 204 Abschnitt.
972 169 1165 203 Benedikt
1191 169 1290 202 XIII.
1318 169 1397 202 und
1428 169 1498 203 das
1525 169 1676 203 Konzil.

259 279 458 319 ecclesia
491 279 719 319 hactenus
756 278 1006 329 reputavit,
1050 278 1289 328 pacienter
1322 278 1481 319 audire
1515 280 1688 330 poterit
1727 280 2033 322 deiectionem

260 350 354 389 veri
391 348 561 388 t'hristi
596 348 756 389 vicarii
791 350 987 389 cunctos
1020 348 1267 389 iudicaturi
1301 351 1348 389 et
1373 361 1399 389 a
1421 350 1602 391 nemine
1626 350 1869 402 iudicandi,
1900 364 2033 402 quem

258 432 350 460 11011
385 419 534 460 solum
572 418 685 458 bene
721 418 1026 459 christianum
1062 431 1246 470 semper
1291 419 1540 460 manifeste
1588 422 1908 472 cognovimus,
1954 423 2035 462 sed

258 490 404 530 eciam
453 489 620 529 bonum
669 489 972 530 christianum
1021 502 1047 530 a
1093 490 1189 530 suis
1237 490 1368 530 bonis
1413 490 1642 531 fructibus
1689 492 2037 533 racionabiliter

259 560 558 609 oppinamur:
593 560 685 600 Nec
722 562 888 610 putent
921 562 1080 600 vestre
1114 561 1502 601 reverendissime
1543 562 1869 613 paternitates,
1914 563 2035 613 quod

257 630 543 670 sanctissimi
591 630 762 670 domini
807 631 957 671 nostri
1004 631 1118 671 fides
1168 634 1212 671 et
1264 632 1496 672 sanctitas
1545 644 1799 682 paucarum
1850 635 2033 673 tantum

257 701 559 750 singularium
593 713 900 751 personarum
933 702 1203 742 testimonio
1239 702 1515 753 predicetur,
1558 703 1664 752 quin
1699 715 1806 754 ymo
1852 697 2034 744 univer-

256 771 341 811 sali
376 772 646 813 testimonio
690 773 813 812 sacri
858 773 1088 823 generalis
1136 773 1315 814 concilii
1351 773 1613 823 Perpiniani
1647 773 1867 814 celebrati
1912 774 2032 815 idem

255 853 363 882 vere
417 841 585 882 dicitur
638 843 848 893 idemque
901 843 1165 884 rectissime
1220 843 1567 893 comprobatur.
1653 843 1853 885 Constat
1912 845 2032 885 enim

258 913 446 953 notoria
480 914 695 965 veritate,
729 914 850 964 quod
883 914 1260 966 interrogacioni,
1306 926 1396 964 qua
1428 914 1731 955 beatissimus
1765 915 1805 955 d.
1839 927 1881 955 n.
1915 928 2037 966 papa

255 983 309 1024 de
344 996 429 1024 sua
462 984 550 1024 fide
574 986 910 1034 percunctatus
935 987 1023 1035 est,
1057 988 1105 1025 et
1134 985 1486 1036 protestacioni,
1521 997 1656 1035 quam
1692 985 1818 1037 fecit,
1847 998 2031 1027 sacram

253 1054 515 1104 generalem
537 1055 750 1095 sinodum
771 1055 1065 1096 concorditer
1088 1055 1402 1106 respondisse,
1423 1055 1545 1106 quod
1564 1056 1800 1106 predictus
1818 1056 2032 1097 dominus

252 1127 416 1165 noster
440 1125 723 1166 christianus
748 1128 863 1177 erat,
889 1127 1219 1166 sanctissimus
1240 1126 1605 1176 verissimusque
1626 1125 1796 1167 Christi
1817 1127 2032 1178 vicarius,

254 1207 281 1235 a
316 1207 405 1245 quo
450 1197 660 1246 tempore
695 1197 813 1237 citra
846 1197 890 1236 in
924 1197 1092 1237 nichilo
1127 1209 1231 1237 eum
1266 1196 1493 1238 defecisse
1526 1197 1741 1248 vidimus,
1787 1198 1830 1237 in
1874 1198 2032 1238 multis

254 1268 412 1306 autem
459 1278 592 1307 suam
640 1268 947 1308 sanctitatem
994 1268 1169 1308 scimus
1216 1268 1338 1309 clero
1385 1271 1429 1309 et
1473 1268 1642 1319 populo
1687 1268 2032 1310 virtuosissime

252 1337 528 1388 providisse,
582 1338 911 1379 reformacioni
964 1339 1267 1380 ecclesiarum
1317 1341 1363 1380 et
1413 1339 1624 1379 ordinum
1675 1340 2031 1380 accuratissime

254 1408 584 1458 conspeximus
642 1409 888 1460 institisse,
936 1410 1383 1460 conversionemque
1429 1409 1676 1450 infidelium
1723 1411 1770 1450 et
1816 1410 2030 1460 precipue

255 1478 509 1519 Judeorum
545 1491 648 1520 cum
684 1480 831 1520 tantis
865 1480 1116 1531 laboribus,
1163 1481 1330 1531 vigiliis
1369 1483 1417 1521 et
1450 1480 1547 1521 fere
1580 1480 1922 1521 incredibilibus
1956 1493 2032 1521 ex-

179 1559 190 1572 *
252 1549 411 1599 pensis
455 1550 698 1601 modisque
745 1551 1041 1591 suavissimis
1094 1551 1253 1591 taliter
1298 1563 1592 1603 procurasse,
1639 1552 1762 1592 sicut
1806 1551 1861 1591 de
1906 1551 2029 1592 nullo

251 1620 636 1670 predecessorum
672 1633 861 1661 suorum
898 1634 924 1662 a
960 1621 1097 1663 beato
1134 1621 1360 1663 Silvestro
1396 1622 1514 1663 citra
1548 1622 1728 1673 legitur.
1780 1622 1838 1662 Et
1871 1622 1908 1679 si
1942 1633 2029 1663 nos

251 1691 525 1742 silleremus,
560 1693 692 1732 multi
728 1693 986 1733 clamantes
1036 1693 1257 1733 dicerent.
1323 1692 1368 1733 Si
1417 1705 1503 1734 vos
1550 1693 1701 1733 sillere
1753 1693 1907 1745 vultis,
1955 1694 2028 1744 qui

250 1762 397 1802 multo
432 1763 582 1813 magis
618 1763 820 1803 clamare
855 1763 1101 1815 deberetis,
1136 1764 1251 1805 bene
1286 1765 1441 1805 omnia
1474 1764 1599 1815 fecit,
1633 1775 1720 1804 nos
1754 1766 1911 1804 tamen
1937 1776 2028 1805 11011

251 1845 519 1884 possumus,
555 1846 640 1884 que
675 1834 874 1874 vidimus
909 1836 955 1875 et
990 1835 1252 1875 audivimus
1286 1847 1377 1876 non
1411 1835 1547 1885 loqui.
1612 1834 1854 1885 Quomodo
1888 1835 2029 1885 igitur

250 1903 494 1944 ecclesiam
522 1905 841 1945 scandalizare
866 1905 1046 1957 dicitur,
1082 1906 1155 1956 qui
1181 1906 1329 1956 ipsam
1355 1905 1451 1946 fetu
1482 1918 1601 1946 nove
1626 1905 1767 1956 prolis
1803 1902 2027 1958 amplilfil-

251 1974 344 2014 cari
380 1977 614 2026 procurat,
649 1976 723 2026 qui
749 1975 804 2016 ab
836 1976 937 2026 ipsa
963 1988 1145 2017 omnem
1173 1977 1449 2027 spurciciam
1476 1977 1714 2017 eliminare
1738 1987 1829 2017 non
1855 1979 2027 2025 cessat,

250 2045 325 2094 qui
367 2045 411 2084 in
460 2058 748 2097 quacumque
797 2048 1010 2099 materia,
1060 2048 1275 2098 precipue
1324 2048 1367 2087 in
1416 2048 1509 2088 ista
1558 2048 1738 2089 dolendi
1788 2049 2026 2089 scismatis

251 2127 436 2166 semper
469 2128 518 2156 se
553 2120 769 2166 paratum
803 2118 1008 2158 exhibuit
1041 2119 1338 2169 acquiescere
1363 2119 1552 2165 racioni,
1587 2120 1661 2170 qui
1686 2121 1809 2160 viam
1843 2120 2026 2160 iusticie

250 2198 331 2236 pro
367 2187 572 2227 sedando
607 2188 831 2228 scismate
866 2201 1052 2239 semper
1093 2189 1259 2230 obtulit
1305 2192 1353 2229 et
1386 2190 1599 2230 omnibus
1646 2190 1747 2231 aliis
1793 2191 1880 2230 viis
1926 2203 2025 2241 pre-

250 2256 505 2306 ferendam,
538 2260 763 2308 quantum
798 2260 962 2311 potuit,
998 2260 1269 2311 predicavit,
1303 2261 1377 2311 qui
1410 2261 1582 2301 nullam
1616 2261 1754 2313 viam,
1784 2273 1865 2312 per
1888 2274 2024 2312 quam

251 2328 403 2377 possit
426 2328 543 2368 uniri
568 2329 780 2379 ecclesia,
804 2342 1039 2380 nunquam
1069 2331 1281 2381 exclusit,
1316 2332 1390 2381 qui
1414 2332 1537 2372 viam
1563 2332 1788 2373 cessionis
1813 2332 2026 2373 omnibus

251 2399 368 2439 alliis
402 2400 446 2439 in
481 2400 661 2449 pratica
708 2401 1068 2450 premittendam
1116 2403 1366 2452 concessit,
1415 2415 1496 2453 pro
1544 2403 1674 2443 cuius
1720 2404 2025 2444 exsecucione

250 2470 480 2509 maximas
523 2482 770 2521 expensas,
812 2472 977 2521 gravia
1019 2473 1223 2523 pericula
1256 2475 1303 2513 et
1349 2473 1532 2513 labores
1578 2475 1838 2524 permultos
1884 2474 2018 2515 subiit

250 2541 297 2579 et
331 2543 592 2590 opportuno
627 2542 670 2581 in
707 2548 914 2592 tempore
950 2543 1210 2593 Perpiniani
1256 2546 1303 2584 et
1338 2544 1579 2585 Paniscole
1612 2545 1820 2595 praticas
1865 2548 1911 2585 et
1946 2546 2024 2586 ob·

249 2609 455 2650 laciones
488 2611 639 2651 iustas
674 2614 721 2652 et
754 2613 1062 2654 racionabiles
1097 2615 1194 2655 eius
1230 2616 1455 2665 apperuit,
1495 2615 1659 2665 quibus
1695 2616 1732 2656 si
1766 2616 2023 2657 racionabi-

250 2680 354 2720 liter
376 2683 537 2721 essent
562 2682 715 2733 aliqua
738 2683 962 2734 addenda,
987 2685 1211 2725 mutanda
1237 2685 1306 2725 vel
1338 2686 1598 2735 minuenda,
1623 2686 2024 2727 ambaxiatoribus

185 2797 192 2799 ἡ
249 2752 424 2792 vestris
458 2752 502 2792 in
537 2753 606 2792 sui
641 2755 883 2803 presencia
917 2756 1191 2796 constitutis
1224 2756 1300 2796 illa
1335 2768 1384 2796 se
1419 2757 1698 2808 additurum,
1732 2759 2021 2798 mutaturum

250 2822 322 2862 vel
345 2822 638 2863 detraturum
659 2824 838 2865 obtulit.
875 2825 1005 2875 Ecce,
1026 2828 1184 2876 patres
1203 2827 1594 2879 reverendissimi,
1615 2828 1851 2869 succincte
1871 2828 2022 2879 aliqua

250 2892 306 2933 de
339 2894 530 2934 motivis
562 2895 753 2945 nostris,
787 2898 979 2946 propter
1013 2909 1099 2947 que
1133 2909 1224 2938 non
1269 2909 1522 2948 possumus
1569 2898 1737 2950 facere,
1786 2899 1907 2949 quod
1953 2911 2021 2939 re-

251 2964 431 3013 quiritis
481 2967 528 3005 et
575 2966 769 3017 rogatis,
825 2968 997 3008 vestris
1043 2970 1154 3009 sunt
1200 2970 1565 3019 paternitatibus
1619 2970 2021 3010 reverendissimis

250 3034 494 3086 explicata,
528 3038 575 3078 et
608 3037 811 3078 scienter
844 3051 993 3088 pauca
1027 3040 1399 3092 perstringimus,
1433 3041 1540 3092 quia
1573 3041 1828 3083 scientibus
1871 3041 2017 3091 legem
