2178 3404
288 165 374 206 600
630 173 692 206 ΙΙΙ.
719 172 939 206 Abschnitt.
992 171 1185 204 Benedikt
1211 171 1312 204 XIII.
1339 171 1418 204 und
1446 171 1517 205 das
1544 171 1697 206 Konzil.

289 283 511 333 Gregorio
560 294 651 322 non
702 280 971 322 concordat.
1045 280 1151 321 Iste.
1196 280 1397 331 inquam,
1451 281 1559 321 talis
1607 282 1653 321 et
1703 283 1865 323 tantus
1913 282 2059 323 fuisse

287 354 468 394 dicitur.
503 355 550 392 ut
579 353 632 392 de
657 352 757 402 ipso
782 352 949 391 iterum
976 350 1224 401 scribatur,
1258 350 1380 400 quod
1405 350 1535 391 brevi
1559 354 1769 402 tempore
1792 354 1977 394 tantum
2002 353 2059 394 ad

286 423 623 464 emendandum
680 422 897 472 populum
945 421 1147 461 vetustis
1196 418 1554 473 hereticoruma)
1602 422 1824 463 infectum
1869 424 2058 464 venenis

286 494 499 545 profecit,
536 497 583 533 ut
618 496 727 533 tunc
764 492 961 542 primum
997 492 1239 533 christiani
1273 491 1359 532 sibi
1391 492 1489 532 fieri
1522 492 1792 533 viderentur
1824 496 1869 534 et
1902 493 2058 534 novel-

285 565 375 605 lam
410 565 558 605 lucem
595 563 810 604 veritatis
845 563 1067 614 aspicere,
1103 575 1205 603 cum
1240 563 1475 613 religionis
1500 563 1666 604 doctor
1698 564 1845 604 multa
1877 564 2059 614 quidem

285 635 454 686 verbis,
496 635 629 685 plura
670 637 829 674 tamen
873 634 1063 674 doceret
1104 634 1343 686 exemplis,
1385 645 1442 674 ne
1479 634 1712 675 videretur
1746 634 1802 674 ab
1836 645 1890 674 eo
1925 634 2059 676 disci-

286 706 403 756 pulis
453 706 623 756 aliquid
671 705 903 755 imperari,
953 705 1075 755 quod
1122 716 1214 745 non
1263 705 1390 755 prius
1438 705 1537 756 ipse
1585 704 1791 746 fecisset.
1856 704 1934 745 Set
1984 705 2060 746 ubi

283 777 454 817 invidia
484 776 679 827 gloriam
714 777 971 816 consecuta
994 769 1118 826 est,¹‘¹)
1144 774 1287 815 obniti
1316 775 1500 826 quidam
1530 778 1577 816 et
1600 773 2062 828 prescripcionibus0)

284 848 435 888 minus
470 847 598 887 sanis
623 847 690 887 uti
725 858 902 896 cepere,
937 848 989 886 ut
1020 846 1121 896 ipso
1148 846 1205 886 ad
1238 846 1425 897 propria
1451 848 1692 887 remeante
1726 846 1843 887 alius
1877 846 2058 888 ordina-

282 920 412 958 retur
435 918 697 969 episcopus,
732 917 853 968 quod
876 917 948 957 ille
984 916 1249 957 subsurrari
1274 918 1458 957 tantum
1483 919 1528 957 et
1564 917 1649 958 sub
1674 917 1811 958 dente
1845 918 2058 959 senciens

282 989 519 1039 ruminari,
561 988 659 1039 ipse
694 987 887 1039 profert,
931 987 1053 1038 quod
1091 988 1244 1028 nullus
1278 987 1426 1028 eidem
1461 987 1663 1029 audebat
1697 988 1871 1029 dicere:
1906 988 2058 1041 Absit,

281 1060 441 1111 inquit,
487 1062 537 1100 ut
579 1060 667 1100 mei
712 1071 855 1100 causa
899 1059 1113 1098 simultas
1148 1059 1193 1098 in
1225 1058 1307 1099 Dei
1350 1059 1677 1100 sacerdotibus
1712 1059 1904 1100 oriatur.
1969 1054 2060 1112 Sid)

282 1133 471 1181 propter
512 1142 586 1170 me
628 1132 700 1170 est
744 1130 837 1170 ista
879 1131 1157 1180 tempestas,
1200 1129 1350 1170 tollite
1384 1132 1429 1170 et
1472 1130 1696 1171 inmittite
1738 1142 1812 1171 me
1845 1130 1891 1171 in
1929 1140 2058 1171 mare

281 1203 329 1241 et
382 1202 561 1242 desinet
614 1213 640 1241 a
688 1201 820 1242 vobis
876 1198 1138 1247 cassaciof)
1214 1200 1308 1242 Hec
1358 1201 1516 1242 dicens
1565 1201 1636 1241 vir
1687 1201 2058 1252 gloriosissimus

282 1273 427 1313 cessit
460 1272 800 1323 patriarchatui
834 1274 881 1311 et
914 1282 1158 1322 regressus
1193 1274 1264 1312 est
1301 1272 1359 1312 ad
1393 1272 1592 1323 propria,

399 1344 529 1395 Item,
552 1343 825 1384 beatissime
844 1344 989 1393 pater,
1016 1342 1137 1393 quod
1157 1343 1389 1383 sanctitas
1409 1345 1572 1384 vestra
1590 1355 1647 1384 ex
1667 1343 1822 1384 debito
1841 1345 2058 1395 pastora-

280 1415 335 1455 lis
370 1414 510 1455 officii
556 1414 828 1454 renunciare
874 1415 1105 1463 teneatur,
1152 1413 1621 1455 determinationibus
1666 1416 1827 1465 potest
1872 1414 2058 1465 probari

280 1486 525 1527 doctorum
546 1484 868 1535 solempnium,
889 1483 963 1534 qui
983 1495 1123 1534 super
1140 1484 1238 1524 iure
1258 1485 1482 1526 canonico
1502 1485 1805 1536 scripserunt.
1829 1485 1901 1526 Ad
1919 1497 2056 1536 quam

280 1557 460 1607 quidem
488 1556 748 1597 cessionem
784 1555 932 1595 eciam
958 1556 1167 1595 vestram
1193 1556 1500 1597 sanctitatem
1535 1556 1769 1607 astringit,
1804 1556 1911 1607 quia
1933 1556 2057 1597 illam

279 1627 464 1679 iuravit,
512 1627 678 1668 obtulit
724 1629 770 1667 et
815 1625 937 1666 bona
982 1625 1068 1665 fide
1115 1626 1342 1677 promisit,
1388 1629 1441 1668 ut
1485 1627 1529 1667 in
1575 1629 1851 1678 presentata
1897 1627 2059 1669 cedula

279 1701 540 1739 enarratur.
595 1699 691 1749 Que
727 1697 910 1749 quidem
947 1697 1144 1738 adiectio
1179 1697 1283 1737 fidei
1318 1710 1400 1748 pro
1434 1698 1697 1740 iuramento
1731 1700 1978 1749 reputatur
2012 1698 2057 1739 in

278 1769 388 1810 iure.
424 1769 687 1810 Attendunt
711 1770 856 1812 eciam
893 1770 1153 1814 cardinales
1182 1769 1391 1821 predicti,
1425 1770 1559 1821 quod,
1594 1782 1650 1810 ex
1675 1781 1763 1820 quo
1792 1770 1837 1810 in
1864 1770 2057 1821 praticis

279 1852 419 1891 super
452 1840 527 1880 via
562 1842 789 1882 cessionis
834 1845 1030 1885 actenus
1064 1852 1144 1892 per
1177 1841 1372 1881 eandem
1416 1841 1721 1882 sanctitatem
1762 1841 1932 1882 oblatis
1965 1852 2056 1882 non

279 1912 532 1952 concordat
569 1915 877 1965 congregacio
914 1913 1310 1963 Constanciensis,
1353 1914 1541 1953 tenetur
1574 1912 1699 1953 dicta
1733 1912 1966 1953 sanctitas
2000 1924 2056 1952 ex

278 1982 434 2023 debito
482 1984 734 2033 pastoralis
779 1984 918 2026 officii
953 1997 1035 2036 pro
1082 1984 1289 2025 sedando
1337 1985 1561 2035 scismate
1604 1986 1649 2024 et
1693 1983 1955 2024 reducendo
1999 1983 2056 2024 ad

278 2065 438 2094 veram
473 2054 687 2095 unionem
724 2056 807 2096 sub
842 2051 972 2108 unos)
1006 2056 1158 2106 capite
1196 2056 1419 2096 maiorem
1461 2058 1644 2106 partem
1680 2054 2055 2106 cln'istianitatis,

279 2136 365 2174 que
399 2137 484 2165 vos
519 2127 563 2165 et
599 2126 982 2176 predecessorem
1018 2128 1227 2166 vestrum
1263 2138 1355 2166 non
1389 2126 1624 2176 reputavit
1649 2136 1788 2166 veros
1817 2125 2055 2166 Romanos

278 2194 537 2247 pontifices,
572 2198 643 2236 set
678 2197 902 2238 intrusos.
938 2197 1310 2239 condescendere
1345 2196 1402 2237 ad
1437 2196 1574 2236 aliam
1609 2196 1852 2247 praticam,
1886 2196 1931 2236 in
1966 2208 2056 2247 qua

278 2265 403 2306 dicta
447 2269 756 2318 congregacio
801 2280 902 2308 cum
951 2270 1111 2310 eadem
1161 2268 1418 2309 sanctitate
1463 2267 1729 2318 concordet,
1775 2269 1821 2307 et
1864 2278 1950 2318 que
1993 2267 2056 2308 sit

278 2337 586 2378 observabilis
630 2339 728 2379 sine
771 2339 951 2381 offensa
994 2341 1162 2387 divina,
1209 2338 1468 2380 cuiusmodi
1500 2339 1685 2379 videtur
1726 2350 1832 2379 esse
1871 2338 2054 2379 indubie

278 2408 457 2457 pratica
503 2420 584 2459 per
629 2410 780 2451 dictos
831 2411 1149 2462 supplicantes
1195 2412 1240 2451 et
1292 2409 1591 2451 consulentes
1638 2411 1833 2460 apperta
1878 2409 1923 2449 in
1969 2421 2055 2450 sua

278 2479 439 2519 cedula
483 2478 781 2528 antedictas).
848 2482 926 2522 Set
961 2483 1081 2533 quia,
1124 2481 1397 2523 beatissime
1431 2482 1578 2531 pater,
1612 2480 1857 2530 responsio
1892 2482 2055 2520 vestra

277 2550 507 2599 praticam
541 2551 804 2593 huiusmodi
838 2554 1005 2594 nititur
1036 2554 1324 2604 impugnare,
1357 2552 1530 2603 dicens,
1565 2551 1687 2602 quod
1720 2551 1827 2592 unio
1858 2551 2053 2592 ecclesie

278 2632 359 2671 per
391 2621 593 2672 modum,
627 2623 701 2672 qui
727 2624 915 2675 petitur,
949 2626 1076 2665 esset
1111 2636 1204 2664 non
1238 2624 1377 2674 clara,
1412 2624 1483 2663 set
1510 2622 1724 2673 obscura,
1757 2633 1850 2663 non
1873 2633 2052 2669 secura,

277 2694 349 2732 set
384 2692 534 2743 dubia,
577 2705 669 2733 non
703 2693 873 2745 brevis,
917 2698 991 2735 set
1023 2695 1160 2745 nulla,
1209 2695 1245 2734 si
1280 2694 1444 2735 statim
1478 2693 1577 2734 sine
1617 2693 1707 2733 alia
1741 2692 2052 2743 disposicione

277 2761 432 2803 future
474 2763 657 2804 unionis
701 2765 895 2806 ecclesie
937 2777 1018 2816 per
1052 2765 1318 2806 obediencie
1361 2764 1747 2815 subtractionem,
1790 2775 1871 2814 per
1903 2763 2051 2804 reddi-

276 2834 407 2873 tuum
447 2834 876 2876 ecclesiasticorum
921 2838 967 2876 et
1008 2836 1202 2877 aliorum
1245 2835 1471 2877 bonorum
1513 2835 1841 2885 temporalium
1883 2834 2050 2885 spolia-

396 2970 428 3003 a)
448 2970 544 2997 Fehlt
568 2972 729 3005 Hagsnald.
770 2972 801 2999 b)
821 2971 979 3006 Ruynald
1004 2972 1191 3007 nmyestellt.
1230 2973 1258 3006 c)
1281 2972 1438 3006 Ragst'zald
1459 2971 1760 3005 proposicionibus.
1801 2972 1832 3005 d)
1854 2971 1966 3007 Usque
1986 2972 2051 2998 huc

276 3024 327 3043 αηι
351 3017 474 3045 Raude.
513 3017 608 3044 Fehlt
631 3018 795 3052 Raynald.
836 3019 866 3052 e)
889 3019 1045 3053 Haynsdd
1067 3019 1243 3053 quassatio
1264 3019 1334 3046 und
1355 3018 1492 3046 mittite.
1533 3019 1557 3053 f)
1580 3018 1737 3054 Raynald
1756 3018 1853 3047 bono.

396 3078 419 3121 ¹)
447 3077 495 3112 So
525 3080 610 3113 weit
635 3080 826 3124 yedruckt.
