2178 3404
73 177 113 211 E.
163 174 354 210 Benedikt
373 174 470 208 XIII.
499 186 533 207 u.
562 175 595 207 d.
620 173 756 207 Konzil
786 185 819 207 v.
847 175 881 207 (Ι.
910 172 1163 207 Subtraktion
1196 172 1250 206 bis
1279 173 1441 207 z.Wal1l
1473 174 1635 207 Martius
1656 176 1699 208 V.
1756 165 1841 207 543

71 286 213 336 Igitur
245 285 379 336 tales,
423 296 539 335 quos
578 284 702 324 nulla
743 284 956 335 caritate⁷
990 284 1113 324 nulla
1149 284 1399 325 clemencia
1442 283 1591 325 fretos
1633 287 1842 335 apparet,

71 367 369 406 compescere
394 368 447 396 ac
466 354 727 395 huiusmodi
749 354 1010 404 superbiam
1038 354 1330 404 confringere
1350 354 1517 394 divinis
1537 355 1842 405 liul11anisque

69 426 246 477 legibus
281 437 395 476 opus
432 427 519 466 est.
578 424 726 474 Quam
757 424 813 464 ob
849 436 959 475 rem,
993 425 1206 475 princeps
1241 425 1427 477 optime,
1462 437 1565 465 cum
1602 425 1843 466 videamus

70 488 436 547 inexplicabilem
458 495 582 535 Petri
603 496 657 535 de
678 495 803 535 Luna
823 495 1041 535 duriciem
1068 497 1111 535 et
1135 496 1281 536 virum
1302 496 1423 541 illum
1446 496 1504 536 ad
1524 496 1844 536 dissensiones

70 567 381 617 scandalaque
422 567 688 617 precipitem
730 577 783 605 ac
823 578 913 606 non
954 566 1106 606 minus
1151 566 1457 606 subtilitatem
1499 567 1667 616 ingenii
1706 579 1840 617 quam

71 638 362 677 voluntatem
389 637 445 677 ad
468 637 742 677 nutriendas
776 636 1034 677 discordias
1070 636 1154 676 sibi
1180 649 1205 676 a
1239 639 1409 677 natura
1444 649 1733 687 concessam5
1768 649 1844 677 ne-

70 708 325 748 cessarium
351 709 424 748 est
452 707 550 748 eius
578 708 658 746 viri
688 707 917 748 maliciam
949 708 1207 757 coarctare,
1236 709 1280 747 et
1306 719 1362 746 ne
1389 719 1614 748 venenum
1646 709 1844 758 amplius

69 780 272 829 evomat,
307 789 396 828 quo
424 780 555 818 totus
583 790 697 828 pene
723 778 848 818 orbis
876 778 1099 825 irritetur,
1134 777 1392 827 providere.
1448 778 1551 818 ‚Iam
1578 779 1675 829 ipse
1700 779 1843 819 onmi-

69 849 154 889 bus
179 848 359 889 obviam
382 848 511 888 vadit
535 850 581 888 et
606 861 708 889 cum
734 849 974 888 dissidium
1002 848 1254 888 christiane
1278 848 1514 897 religionis
1538 849 1715 889 nutrire
1740 850 1843 889 niti-

69 920 158 970 tur,
182 930 233 959 se
256 918 439 959 hostem
464 921 693 969 nostrum,
718 919 810 959 imo
830 919 925 959 Deo
951 919 1270 958 adversarium
1297 918 1422 959 facit.
1470 920 1580 969 Quis
1606 932 1716 968 ergo
1741 933 1843 960 mos

71 990 188 1030 alius
211 989 443 1039 gerendus
467 991 555 1041 est,
589 990 677 1029 nisi
702 992 751 1030 ut
775 990 848 1030 illi.
884 990 957 1040 qui
993 989 1268 1030 facultatem
1294 989 1481 1040 habent,
1517 990 1778 1030 libertatem
1805 991 1842 1029 ei

70 1060 279 1101 adimant
315 1073 368 1100 ac
404 1072 515 1101 suas
549 1060 800 1111 pestiferas
836 1060 1154 1111 cogitaciones
1189 1062 1435 1110 erumpant
1449 1061 1470 1100 ἱ)
1524 1061 1621 1100 Non
1654 1063 1722 1100 est
1761 1061 1843 1101 hec

68 1143 145 1171 res
168 1131 458 1182 negligenda,
494 1143 585 1171 non
611 1131 862 1172 clemencia
887 1131 1204 1181 temperanda,
1233 1142 1313 1170 rex
1342 1131 1562 1180 piissime.
1615 1132 1697 1179 Qui
1724 1132 1840 1170 enim

69 1202 238 1242 nemini
262 1202 426 1253 parcit,
451 1202 632 1242 cunctis
656 1202 823 1242 bellum
848 1203 982 1252 gerit7
1002 1204 1223 1252 tanquam
1250 1213 1416 1251 expers
1441 1201 1748 1242 humanitatis
1773 1205 1843 1241 est

70 1273 340 1314 iudicandus
368 1275 415 1313 et
439 1286 463 1313 a
489 1274 681 1323 singulis
711 1273 1041 1320 whercendus.
1092 1272 1361 1322 (fogitfflnus
1390 1272 1508 1313 hanc
1532 1273 1613 1312 Dei
1642 1273 1845 1313 existere

70 1355 278 1395 causam,
312 1355 398 1395 que
421 1355 504 1384 nec
530 1344 718 1385 silencio
747 1344 1020 1394 pertransiri
1045 1355 1129 1384 nec
1156 1343 1444 1393 negligencia
1478 1346 1664 1394 torpere
1693 1344 1844 1385 debet.

70 1414 152 1454 sed
174 1415 266 1455 imo
291 1415 413 1455 omni
438 1415 637 1464 ingenio,
668 1415 791 1454 omni
817 1427 954 1465 opere
981 1414 1233 1462 confoveri,
1258 1416 1305 1454 et
1329 1414 1474 1455 donec
1500 1413 1697 1455 feliciter
1721 1427 1844 1455 com-

70 1485 265 1536 pleatur,
300 1485 482 1535 agitari.
537 1485 634 1525 Non
664 1485 857 1525 multum
891 1487 1044 1525 autem
1080 1496 1195 1535 opus
1224 1496 1330 1524 esse
1359 1484 1655 1537 arbitramur,
1690 1485 1843 1526 verbis

69 1555 262 1595 eandem
298 1556 618 1595 celsitudinem
655 1556 905 1596 admonere
939 1556 997 1596 ad
1030 1556 1149 1595 illius
1175 1555 1300 1595 Petri
1325 1555 1378 1595 de
1407 1555 1531 1596 Luna
1564 1556 1748 1596 nomine
1772 1568 1844 1596 ec-

70 1625 207 1666 clesie
227 1628 390 1667 sancte
408 1626 489 1666 Dei
509 1626 829 1667 detencionem
850 1627 1006 1677 utique
1026 1626 1302 1676 faciendam,
1329 1638 1429 1666 cum
1460 1627 1686 1667 eiusmodi
1707 1627 1845 1667 devo-

71 1696 216 1736 cionis
234 1696 429 1747 fideique
453 1698 647 1748 existas„
668 1698 790 1748 quod
813 1709 959 1747 neque
977 1697 1180 1737 hmnana
1206 1696 1461 1747 cupiditate
1480 1697 1714 1745 detineris.
1734 1709 1843 1748 quo-

69 1767 220 1807 minus
243 1768 288 1807 in
313 1768 493 1807 cunctis
518 1768 812 1808 laudabiliter
836 1768 989 1818 regios
1016 1770 1214 1808 conatus
1249 1767 1484 1808 absolvas.
1535 1766 1601 1808 Ob
1626 1768 1669 1808 id
1703 1768 1843 1815 igitur

67 1838 153 1879 hoc
188 1837 336 1878 solum
373 1837 545 1878 dixisse
581 1839 700 1878 satis
735 1839 810 1885 sit.
844 1839 1032 1889 inspice7
1077 1838 1304 1878 catholice
1339 1838 1566 1889 princeps⁷
1601 1839 1841 1879 christiani

68 1909 219 1959 populi
254 1908 548 1960 desiderium,
583 1909 879 1950 calamitates
914 1909 1050 1950 huius
1080 1908 1272 1949 infausti
1310 1909 1549 1949 scismatis
1584 1912 1739 1949 mente
1774 1921 1842 1948 re·-

67 1983 201 2030 petas
235 1982 281 2020 et
316 1982 492 2030 quanta
527 1982 835 2031 sequerentur
858 1980 1167 2030 incommoda7
1203 1980 1241 2019 si
1271 1980 1467 2030 amplius
1503 1980 1695 2029 vigeret„
1728 1979 1843 2019 bene

68 2050 324 2100 considera.
360 2053 566 2091 ceterum
603 2051 808 2091 eiusdem
842 2051 964 2091 Petri
999 2051 1054 2090 de
1090 2050 1216 2091 Luna
1251 2050 1508 2094 versucias.
1545 2051 1619 2101 qui
1653 2062 1737 2090 nec
1773 2063 1843 2090 ra-

68 2121 198 2162 cione
232 2132 316 2162 nec
358 2120 653 2161 humanitate
687 2121 930 2172 mulcetur,
973 2121 1167 2161 intuere.
1232 2120 1325 2160 Hec
1362 2121 1517 2161 omnia
1552 2121 1604 2169 si,
1638 2123 1690 2161 ut
1730 2122 1842 2161 certi

67 2191 329 2242 existimus,
364 2191 486 2232 intra
520 2191 672 2242 regios
709 2192 946 2242 cogitatus
972 2192 1275 2233 acutissimos
1304 2191 1619 2242 revolventur,
1654 2203 1843 2242 supera-

68 2264 167 2303 tum
201 2264 249 2302 et
273 2274 467 2313 prorsus
503 2264 796 2303 coarctatum
822 2263 1006 2303 hostem
1034 2262 1230 2303 ecclesie
1255 2261 1411 2301 videre
1434 2262 1603 2302 licebit.
1648 2261 1841 2301 Demum

67 2345 148 2384 per
181 2333 500 2383 aspersionem
534 2333 775 2383 sanguinis
799 2333 1131 2383 preciosissimi
1155 2332 1337 2372 Domini
1366 2332 1515 2372 nostri
1546 2332 1648 2371 lesu
1674 2332 1843 2371 Christi

69 2403 372 2444 serenitatem
415 2405 544 2444 tuam
589 2403 895 2444 exhoitamur
937 2405 1077 2454 atque
1118 2402 1408 2452 requirimus.
1455 2404 1506 2442 ut
1541 2403 1663 2442 circa
1697 2403 1843 2452 ipsius

69 2473 193 2513 Petri
228 2473 283 2513 de
318 2473 443 2513 Luna
479 2475 721 2523 capturam
758 2485 1063 2523 securamque
1099 2473 1377 2523 custodiam,
1413 2484 1515 2512 cum
1552 2473 1627 2513 illa
1663 2484 1843 2513 summe

68 2543 222 2594 populi
257 2543 512 2594 christiani,
548 2543 677 2583 cuius
714 2555 857 2584 causa
892 2544 1060 2595 agitur,
1094 2543 1191 2583 fieri
1224 2543 1423 2593 intersit,
1459 2555 1562 2583 cum
1588 2543 1712 2584 omni
1747 2543 1843 2583 dili-

69 2614 233 2663 gencia
274 2615 476 2653 mentem
523 2613 820 2664 studiumque
864 2614 1101 2665 adhibeas,
1145 2625 1234 2665 quo
1275 2614 1463 2653 tandem
1507 2614 1668 2655 eodem
1704 2614 1842 2655 Petro

69 2683 265 2724 subacto
301 2683 385 2723 sub
420 2686 525 2724 tuto
559 2684 688 2734 pacis
724 2685 824 2724 ocio
859 2685 1168 2735 quiescamus.
1227 2684 1401 2735 Quippe
1434 2685 1558 2726 ultra
1591 2685 1842 2725 humanam

68 2754 263 2803 gloriam
289 2767 344 2794 ex
367 2754 447 2795 tali
473 2754 779 2795 saluberrimo
806 2767 943 2805 opere
974 2755 1348 2806 consequendam
1375 2758 1537 2796 eterna
1560 2756 1719 2806 gracia
1752 2767 1843 2796 non

69 2825 264 2866 carebis.
311 2825 416 2866 Dat.
453 2825 733 2866 Constancie
768 2826 840 2865 vl.
877 2826 1109 2866 Kalendas
1144 2825 1315 2876 Aprilis
1351 2838 1537 2867 anno..
1565 2858 1572 2866 .
1598 2826 1842 2866 millesimo

70 2896 530 2947 quadringentesimo
566 2899 702 2937 sexto
737 2897 931 2949 decimo,
968 2898 1228 2947 apostolica
1263 2897 1371 2937 sede
1404 2899 1620 2937 vacante.

185 2989 423 3030 johannes
455 2991 509 3031 de
538 2991 829 3032 Firmonibus
862 2991 1109 3042 episcopus
1141 2991 1386 3031 Firmanus
1416 2991 1657 3041 presidens
1686 2991 1843 3031 Italice

69 3059 295 3100 nacionis.
