<?xml version="1.0" encoding="UTF-8"?>
<!DOCTYPE html PUBLIC "-//W3C//DTD XHTML 1.0 Transitional//EN"
    "http://www.w3.org/TR/xhtml1/DTD/xhtml1-transitional.dtd">
<html xmlns="http://www.w3.org/1999/xhtml" xml:lang="en" lang="en">
 <head>
  <title>
</title>
<meta http-equiv="Content-Type" content="text/html;charset=utf-8" />
  <meta name='ocr-system' content='tesseract 3.04.00' />
  <meta name='ocr-capabilities' content='ocr_page ocr_carea ocr_par ocr_line ocrx_word'/>
</head>
<body>
  <div class='ocr_page' id='page_1' title='image "./actaconciliicons03counuoft_0371.png"; bbox 0 0 2178 3404; ppageno 0'>
   <div class='ocr_carea' id='block_1_1' title="bbox 593 132 1846 173">
    <p class='ocr_par' dir='ltr' id='par_1_1' title="bbox 593 132 1846 173">
     <span class='ocr_line' id='line_1_1' title="bbox 593 132 1846 173; baseline 0.002 -2"><span class='ocrx_word' id='word_1_1' title='bbox 593 138 686 171; x_wconf 84' lang='lat' dir='ltr'>Karl</span> <span class='ocrx_word' id='word_1_2' title='bbox 715 138 928 172; x_wconf 78' lang='lat' dir='ltr'>Malatesta</span> <span class='ocrx_word' id='word_1_3' title='bbox 957 150 1004 172; x_wconf 85' lang='lat' dir='ltr'>an</span> <span class='ocrx_word' id='word_1_4' title='bbox 1034 139 1077 172; x_wconf 82' lang='lat' dir='ltr'>K.</span> <span class='ocrx_word' id='word_1_5' title='bbox 1105 137 1339 172; x_wconf 87' lang='lat' dir='ltr'>Ferdinand.</span> <span class='ocrx_word' id='word_1_6' title='bbox 1765 132 1846 173; x_wconf 76' lang='lat'>351</span> 
     </span>
    </p>
   </div>
   <div class='ocr_carea' id='block_1_2' title="bbox 73 246 1851 2845">
    <p class='ocr_par' dir='ltr' id='par_1_2' title="bbox 73 246 1851 2845">
     <span class='ocr_line' id='line_1_2' title="bbox 80 246 1849 299; baseline 0.002 -12"><span class='ocrx_word' id='word_1_7' title='bbox 80 246 214 287; x_wconf 86' lang='lat' dir='ltr'>vobis</span> <span class='ocrx_word' id='word_1_8' title='bbox 260 248 388 287; x_wconf 86' lang='lat' dir='ltr'>stare</span> <span class='ocrx_word' id='word_1_9' title='bbox 435 258 600 297; x_wconf 89' lang='lat' dir='ltr'>sparso</span> <span class='ocrx_word' id='word_1_10' title='bbox 648 247 786 297; x_wconf 76' lang='lat' dir='ltr'>crine,</span> <span class='ocrx_word' id='word_1_11' title='bbox 831 248 875 287; x_wconf 90' lang='lat' dir='ltr'>in</span> <span class='ocrx_word' id='word_1_12' title='bbox 916 251 1048 288; x_wconf 90' lang='lat' dir='ltr'>veste</span> <span class='ocrx_word' id='word_1_13' title='bbox 1093 248 1287 299; x_wconf 72' lang='lat' dir='ltr'>lugubri,</span> <span class='ocrx_word' id='word_1_14' title='bbox 1332 248 1599 289; x_wconf 88' lang='lat' dir='ltr'>madentem</span> <span class='ocrx_word' id='word_1_15' title='bbox 1644 249 1849 290; x_wconf 81' lang='lat' dir='ltr'>lacrimis</span> 
     </span>
     <span class='ocr_line' id='line_1_3' title="bbox 79 306 1850 369; baseline 0.002 -12"><span class='ocrx_word' id='word_1_16' title='bbox 79 328 240 368; x_wconf 68' lang='lat' dir='ltr'>genas,</span> <span class='ocrx_word' id='word_1_17' title='bbox 274 328 412 368; x_wconf 86' lang='lat' dir='ltr'>super</span> <span class='ocrx_word' id='word_1_18' title='bbox 446 306 611 357; x_wconf 87' lang='lat' dir='ltr'>collum</span> <span class='ocrx_word' id='word_1_19' title='bbox 636 320 846 358; x_wconf 86' lang='lat' dir='ltr'>vestrum</span> <span class='ocrx_word' id='word_1_20' title='bbox 879 318 1180 359; x_wconf 75' lang='lat' dir='ltr'>reclinantem</span> <span class='ocrx_word' id='word_1_21' title='bbox 1207 321 1360 369; x_wconf 78' lang='lat' dir='ltr'>caput,</span> <span class='ocrx_word' id='word_1_22' title='bbox 1390 319 1601 369; x_wconf 91' lang='lat' dir='ltr'>geminos</span> <span class='ocrx_word' id='word_1_23' title='bbox 1626 323 1758 360; x_wconf 88' lang='lat' dir='ltr'>artus</span> <span class='ocrx_word' id='word_1_24' title='bbox 1794 321 1850 361; x_wconf 91' lang='lat' dir='ltr'>ad</span> 
     </span>
     <span class='ocr_line' id='line_1_4' title="bbox 80 387 1850 440; baseline 0.002 -13"><span class='ocrx_word' id='word_1_25' title='bbox 80 387 226 428; x_wconf 89' lang='lat' dir='ltr'>dulcis</span> <span class='ocrx_word' id='word_1_26' title='bbox 259 388 357 428; x_wconf 86' lang='lat' dir='ltr'>nati</span> <span class='ocrx_word' id='word_1_27' title='bbox 392 388 701 438; x_wconf 87' lang='lat' dir='ltr'>stringentem</span> <span class='ocrx_word' id='word_1_28' title='bbox 743 389 985 439; x_wconf 86' lang='lat' dir='ltr'>amplexus</span> <span class='ocrx_word' id='word_1_29' title='bbox 1031 392 1075 429; x_wconf 90' lang='lat' dir='ltr'>et</span> <span class='ocrx_word' id='word_1_30' title='bbox 1124 402 1176 429; x_wconf 89' lang='lat' dir='ltr'>os</span> <span class='ocrx_word' id='word_1_31' title='bbox 1223 390 1290 429; x_wconf 92' lang='lat' dir='ltr'>ori</span> <span class='ocrx_word' id='word_1_32' title='bbox 1336 389 1552 440; x_wconf 79' lang='lat' dir='ltr'>figentem</span> <span class='ocrx_word' id='word_1_33' title='bbox 1598 391 1642 430; x_wconf 91' lang='lat' dir='ltr'>in</span> <span class='ocrx_word' id='word_1_34' title='bbox 1689 392 1850 431; x_wconf 87' lang='lat' dir='ltr'>oscula</span> 
     </span>
     <span class='ocr_line' id='line_1_5' title="bbox 80 458 1849 515; baseline 0.002 -17"><span class='ocrx_word' id='word_1_35' title='bbox 80 460 220 509; x_wconf 88' lang='lat' dir='ltr'>atque</span> <span class='ocrx_word' id='word_1_36' title='bbox 252 459 466 499; x_wconf 82' lang='lat' dir='ltr'>materno</span> <span class='ocrx_word' id='word_1_37' title='bbox 491 458 665 499; x_wconf 87' lang='lat' dir='ltr'>eiulatu</span> <span class='ocrx_word' id='word_1_38' title='bbox 690 459 763 509; x_wconf 87' lang='lat' dir='ltr'>pia</span> <span class='ocrx_word' id='word_1_39' title='bbox 786 459 870 500; x_wconf 91' lang='lat' dir='ltr'>hec</span> <span class='ocrx_word' id='word_1_40' title='bbox 895 459 1035 500; x_wconf 84' lang='lat' dir='ltr'>verba</span> <span class='ocrx_word' id='word_1_41' title='bbox 1060 459 1313 500; x_wconf 86' lang='lat' dir='ltr'>ferentem:</span> <span class='ocrx_word' id='word_1_42' title='bbox 1344 460 1570 510; x_wconf 72' lang='lat' dir='ltr'>Conspice</span> <span class='ocrx_word' id='word_1_43' title='bbox 1594 464 1849 515; x_wconf 75' lang='lat' dir='ltr'>parentem,</span> 
     </span>
     <span class='ocr_line' id='line_1_6' title="bbox 77 529 1846 581; baseline 0.002 -12"><span class='ocrx_word' id='word_1_44' title='bbox 77 529 246 580; x_wconf 78' lang='lat' dir='ltr'>genite⁷</span> <span class='ocrx_word' id='word_1_45' title='bbox 279 531 408 570; x_wconf 90' lang='lat' dir='ltr'>tuam</span> <span class='ocrx_word' id='word_1_46' title='bbox 443 541 778 580; x_wconf 84' lang='lat' dir='ltr'>aspersamque</span> <span class='ocrx_word' id='word_1_47' title='bbox 819 531 917 570; x_wconf 87' lang='lat' dir='ltr'>eius</span> <span class='ocrx_word' id='word_1_48' title='bbox 962 531 1150 581; x_wconf 89' lang='lat' dir='ltr'>pulvere</span> <span class='ocrx_word' id='word_1_49' title='bbox 1196 531 1447 572; x_wconf 86' lang='lat' dir='ltr'>verticem:</span> <span class='ocrx_word' id='word_1_50' title='bbox 1497 531 1599 571; x_wconf 89' lang='lat' dir='ltr'>vide</span> <span class='ocrx_word' id='word_1_51' title='bbox 1648 533 1846 573; x_wconf 78' lang='lat' dir='ltr'>scissam</span> 
     </span>
     <span class='ocr_line' id='line_1_7' title="bbox 79 600 1848 652; baseline 0.002 -12"><span class='ocrx_word' id='word_1_52' title='bbox 79 600 387 651; x_wconf 57' lang='lat' dir='ltr'>vestimentis„</span> <span class='ocrx_word' id='word_1_53' title='bbox 434 601 658 641; x_wconf 89' lang='lat' dir='ltr'>nudatam</span> <span class='ocrx_word' id='word_1_54' title='bbox 701 604 917 652; x_wconf 77' lang='lat' dir='ltr'>pectore:</span> <span class='ocrx_word' id='word_1_55' title='bbox 962 613 1097 641; x_wconf 86' lang='lat' dir='ltr'>cerne</span> <span class='ocrx_word' id='word_1_56' title='bbox 1132 602 1458 651; x_wconf 61' lang='lat' dir='ltr'>exspoliatann</span> <span class='ocrx_word' id='word_1_57' title='bbox 1508 614 1644 643; x_wconf 90' lang='lat' dir='ltr'>cerne</span> <span class='ocrx_word' id='word_1_58' title='bbox 1692 603 1848 644; x_wconf 86' lang='lat' dir='ltr'>ubera.</span> 
     </span>
     <span class='ocr_line' id='line_1_8' title="bbox 79 671 1846 724; baseline 0.002 -13"><span class='ocrx_word' id='word_1_59' title='bbox 79 682 164 721; x_wconf 91' lang='lat' dir='ltr'>que</span> <span class='ocrx_word' id='word_1_60' title='bbox 198 672 381 712; x_wconf 85' lang='lat' dir='ltr'>suxisti.</span> <span class='ocrx_word' id='word_1_61' title='bbox 445 671 650 712; x_wconf 83' lang='lat' dir='ltr'>Rubrum</span> <span class='ocrx_word' id='word_1_62' title='bbox 685 675 756 712; x_wconf 89' lang='lat' dir='ltr'>est</span> <span class='ocrx_word' id='word_1_63' title='bbox 794 672 1018 722; x_wconf 87' lang='lat' dir='ltr'>sanguine</span> <span class='ocrx_word' id='word_1_64' title='bbox 1052 672 1386 712; x_wconf 85' lang='lat' dir='ltr'>vestimentum</span> <span class='ocrx_word' id='word_1_65' title='bbox 1414 684 1565 713; x_wconf 88' lang='lat' dir='ltr'>meum</span> <span class='ocrx_word' id='word_1_66' title='bbox 1591 676 1638 714; x_wconf 91' lang='lat' dir='ltr'>et</span> <span class='ocrx_word' id='word_1_67' title='bbox 1662 674 1846 724; x_wconf 89' lang='lat' dir='ltr'>pallium</span> 
     </span>
     <span class='ocr_line' id='line_1_9' title="bbox 78 739 1850 795; baseline 0.002 -14"><span class='ocrx_word' id='word_1_68' title='bbox 78 753 232 782; x_wconf 87' lang='lat' dir='ltr'>meum</span> <span class='ocrx_word' id='word_1_69' title='bbox 287 743 634 793; x_wconf 88' lang='lat' dir='ltr'>coinquinatum</span> <span class='ocrx_word' id='word_1_70' title='bbox 689 746 775 793; x_wconf 63' lang='lat' dir='ltr'>est,</span> <span class='ocrx_word' id='word_1_71' title='bbox 831 744 935 794; x_wconf 85' lang='lat' dir='ltr'>quia</span> <span class='ocrx_word' id='word_1_72' title='bbox 986 754 1122 783; x_wconf 80' lang='lat' dir='ltr'>cruor</span> <span class='ocrx_word' id='word_1_73' title='bbox 1174 739 1369 783; x_wconf 83' lang='lat' dir='ltr'>filiorum</span> <span class='ocrx_word' id='word_1_74' title='bbox 1425 756 1633 784; x_wconf 89' lang='lat' dir='ltr'>meorum</span> <span class='ocrx_word' id='word_1_75' title='bbox 1688 746 1850 795; x_wconf 88' lang='lat' dir='ltr'>polluit</span> 
     </span>
     <span class='ocr_line' id='line_1_10' title="bbox 77 812 1849 864; baseline 0.003 -12"><span class='ocrx_word' id='word_1_76' title='bbox 77 812 199 854; x_wconf 92' lang='lat' dir='ltr'>illud.</span> <span class='ocrx_word' id='word_1_77' title='bbox 264 813 447 854; x_wconf 77' lang='lat' dir='ltr'>Intuere</span> <span class='ocrx_word' id='word_1_78' title='bbox 481 825 568 863; x_wconf 69' lang='lat' dir='ltr'>me,</span> <span class='ocrx_word' id='word_1_79' title='bbox 602 812 676 864; x_wconf 71' lang='lat' dir='ltr'>fili,</span> <span class='ocrx_word' id='word_1_80' title='bbox 711 813 909 864; x_wconf 87' lang='lat' dir='ltr'>undique</span> <span class='ocrx_word' id='word_1_81' title='bbox 944 814 1251 863; x_wconf 64' lang='lat' dir='ltr'>vulneratam,</span> <span class='ocrx_word' id='word_1_82' title='bbox 1286 813 1485 864; x_wconf 86' lang='lat' dir='ltr'>undique</span> <span class='ocrx_word' id='word_1_83' title='bbox 1519 827 1699 855; x_wconf 87' lang='lat' dir='ltr'>merore</span> <span class='ocrx_word' id='word_1_84' title='bbox 1743 828 1849 857; x_wconf 91' lang='lat' dir='ltr'>con-</span> 
     </span>
     <span class='ocr_line' id='line_1_11' title="bbox 76 882 1849 935; baseline 0.002 -12"><span class='ocrx_word' id='word_1_85' title='bbox 76 882 263 925; x_wconf 89' lang='lat' dir='ltr'>fectam.</span> <span class='ocrx_word' id='word_1_86' title='bbox 318 884 453 935; x_wconf 88' lang='lat' dir='ltr'>Erige</span> <span class='ocrx_word' id='word_1_87' title='bbox 486 896 611 935; x_wconf 64' lang='lat' dir='ltr'>ergo,</span> <span class='ocrx_word' id='word_1_88' title='bbox 646 884 812 924; x_wconf 89' lang='lat' dir='ltr'>matris</span> <span class='ocrx_word' id='word_1_89' title='bbox 845 887 924 925; x_wconf 89' lang='lat' dir='ltr'>tue</span> <span class='ocrx_word' id='word_1_90' title='bbox 958 884 1048 925; x_wconf 93' lang='lat' dir='ltr'>noli</span> <span class='ocrx_word' id='word_1_91' title='bbox 1082 885 1284 935; x_wconf 75' lang='lat' dir='ltr'>gemitus</span> <span class='ocrx_word' id='word_1_92' title='bbox 1319 896 1585 935; x_wconf 79' lang='lat' dir='ltr'>aspernare.</span> <span class='ocrx_word' id='word_1_93' title='bbox 1621 887 1849 927; x_wconf 82' lang='lat' dir='ltr'>resarcire</span> 
     </span>
     <span class='ocr_line' id='line_1_12' title="bbox 78 955 1851 1007; baseline 0.002 -13"><span class='ocrx_word' id='word_1_94' title='bbox 78 956 251 1006; x_wconf 78' lang='lat' dir='ltr'>vestes,</span> <span class='ocrx_word' id='word_1_95' title='bbox 283 957 449 1005; x_wconf 89' lang='lat' dir='ltr'>pectus</span> <span class='ocrx_word' id='word_1_96' title='bbox 485 955 683 1006; x_wconf 76' lang='lat' dir='ltr'>cooperi,</span> <span class='ocrx_word' id='word_1_97' title='bbox 718 955 949 995; x_wconf 84' lang='lat' dir='ltr'>mamillas</span> <span class='ocrx_word' id='word_1_98' title='bbox 974 958 1093 1005; x_wconf 86' lang='lat' dir='ltr'>tege.</span> <span class='ocrx_word' id='word_1_99' title='bbox 1127 955 1231 1005; x_wconf 86' lang='lat' dir='ltr'>quia</span> <span class='ocrx_word' id='word_1_100' title='bbox 1256 955 1397 995; x_wconf 85' lang='lat' dir='ltr'>rubor</span> <span class='ocrx_word' id='word_1_101' title='bbox 1429 956 1669 1005; x_wconf 78' lang='lat' dir='ltr'>genitricis</span> <span class='ocrx_word' id='word_1_102' title='bbox 1704 957 1851 1007; x_wconf 87' lang='lat' dir='ltr'>pudor</span> 
     </span>
     <span class='ocr_line' id='line_1_13' title="bbox 76 1025 1849 1077; baseline 0.002 -12"><span class='ocrx_word' id='word_1_103' title='bbox 76 1027 151 1065; x_wconf 88' lang='lat' dir='ltr'>est</span> <span class='ocrx_word' id='word_1_104' title='bbox 182 1025 273 1065; x_wconf 85' lang='lat' dir='ltr'>filii.</span> <span class='ocrx_word' id='word_1_105' title='bbox 338 1026 461 1066; x_wconf 86' lang='lat' dir='ltr'>Lava</span> <span class='ocrx_word' id='word_1_106' title='bbox 504 1025 837 1076; x_wconf 59' lang='lat' dir='ltr'>indumentunn</span> <span class='ocrx_word' id='word_1_107' title='bbox 884 1038 1096 1067; x_wconf 88' lang='lat' dir='ltr'>cruorem</span> <span class='ocrx_word' id='word_1_108' title='bbox 1144 1026 1347 1077; x_wconf 60' lang='lat' dir='ltr'>prohibe„</span> <span class='ocrx_word' id='word_1_109' title='bbox 1393 1026 1618 1077; x_wconf 88' lang='lat' dir='ltr'>pollutum</span> <span class='ocrx_word' id='word_1_110' title='bbox 1665 1028 1849 1069; x_wconf 80' lang='lat' dir='ltr'>munda.</span> 
     </span>
     <span class='ocr_line' id='line_1_14' title="bbox 77 1096 1848 1148; baseline 0.001 -11"><span class='ocrx_word' id='word_1_111' title='bbox 77 1107 256 1147; x_wconf 88' lang='lat' dir='ltr'>appone</span> <span class='ocrx_word' id='word_1_112' title='bbox 287 1096 499 1147; x_wconf 83' lang='lat' dir='ltr'>languori</span> <span class='ocrx_word' id='word_1_113' title='bbox 533 1096 824 1147; x_wconf 69' lang='lat' dir='ltr'>medicinam,</span> <span class='ocrx_word' id='word_1_114' title='bbox 859 1097 1127 1147; x_wconf 87' lang='lat' dir='ltr'>circumliga</span> <span class='ocrx_word' id='word_1_115' title='bbox 1160 1099 1420 1137; x_wconf 80' lang='lat' dir='ltr'>tumentem</span> <span class='ocrx_word' id='word_1_116' title='bbox 1456 1097 1640 1148; x_wconf 86' lang='lat' dir='ltr'>plagam</span> <span class='ocrx_word' id='word_1_117' title='bbox 1676 1102 1720 1139; x_wconf 89' lang='lat' dir='ltr'>et</span> <span class='ocrx_word' id='word_1_118' title='bbox 1748 1099 1848 1139; x_wconf 89' lang='lat' dir='ltr'>oleo</span> 
     </span>
     <span class='ocr_line' id='line_1_15' title="bbox 76 1167 1850 1218; baseline 0.001 -11"><span class='ocrx_word' id='word_1_119' title='bbox 76 1168 154 1207; x_wconf 83' lang='lat' dir='ltr'>tue</span> <span class='ocrx_word' id='word_1_120' title='bbox 187 1167 376 1218; x_wconf 88' lang='lat' dir='ltr'>pietatis</span> <span class='ocrx_word' id='word_1_121' title='bbox 410 1167 543 1208; x_wconf 83' lang='lat' dir='ltr'>fove!</span> <span class='ocrx_word' id='word_1_122' title='bbox 608 1167 763 1208; x_wconf 82' lang='lat' dir='ltr'>Redde</span> <span class='ocrx_word' id='word_1_123' title='bbox 798 1168 935 1208; x_wconf 93' lang='lat' dir='ltr'>michi</span> <span class='ocrx_word' id='word_1_124' title='bbox 968 1167 1102 1214; x_wconf 69' lang='lat' dir='ltr'>filios,</span> <span class='ocrx_word' id='word_1_125' title='bbox 1136 1180 1219 1218; x_wconf 88' lang='lat' dir='ltr'>pro</span> <span class='ocrx_word' id='word_1_126' title='bbox 1255 1167 1419 1218; x_wconf 86' lang='lat' dir='ltr'>quibus</span> <span class='ocrx_word' id='word_1_127' title='bbox 1454 1168 1592 1208; x_wconf 90' lang='lat' dir='ltr'>anxia</span> <span class='ocrx_word' id='word_1_128' title='bbox 1625 1169 1668 1208; x_wconf 93' lang='lat' dir='ltr'>in</span> <span class='ocrx_word' id='word_1_129' title='bbox 1698 1170 1850 1210; x_wconf 84' lang='lat' dir='ltr'>cinere</span> 
     </span>
     <span class='ocr_line' id='line_1_16' title="bbox 77 1239 1849 1291; baseline 0.002 -13"><span class='ocrx_word' id='word_1_130' title='bbox 77 1239 125 1278; x_wconf 85' lang='lat' dir='ltr'>et</span> <span class='ocrx_word' id='word_1_131' title='bbox 157 1249 339 1279; x_wconf 87' lang='lat' dir='ltr'>merore</span> <span class='ocrx_word' id='word_1_132' title='bbox 375 1239 577 1280; x_wconf 90' lang='lat' dir='ltr'>consedi.</span> <span class='ocrx_word' id='word_1_133' title='bbox 643 1239 698 1279; x_wconf 87' lang='lat' dir='ltr'>Et</span> <span class='ocrx_word' id='word_1_134' title='bbox 735 1239 773 1279; x_wconf 89' lang='lat' dir='ltr'>si</span> <span class='ocrx_word' id='word_1_135' title='bbox 806 1239 941 1287; x_wconf 64' lang='lat' dir='ltr'>filius</span> <span class='ocrx_word' id='word_1_136' title='bbox 977 1251 1111 1290; x_wconf 90' lang='lat' dir='ltr'>quem</span> <span class='ocrx_word' id='word_1_137' title='bbox 1146 1239 1347 1279; x_wconf 76' lang='lat' dir='ltr'>enutrivi</span> <span class='ocrx_word' id='word_1_138' title='bbox 1393 1241 1438 1278; x_wconf 90' lang='lat' dir='ltr'>et</span> <span class='ocrx_word' id='word_1_139' title='bbox 1479 1239 1700 1291; x_wconf 78' lang='lat' dir='ltr'>exaltavi,</span> <span class='ocrx_word' id='word_1_140' title='bbox 1746 1252 1849 1291; x_wconf 91' lang='lat' dir='ltr'>pro-</span> 
     </span>
     <span class='ocr_line' id='line_1_17' title="bbox 75 1308 1849 1361; baseline 0.002 -12"><span class='ocrx_word' id='word_1_141' title='bbox 75 1308 232 1350; x_wconf 89' lang='lat' dir='ltr'>hibere</span> <span class='ocrx_word' id='word_1_142' title='bbox 264 1311 604 1361; x_wconf 85' lang='lat' dir='ltr'>presumpserit</span> <span class='ocrx_word' id='word_1_143' title='bbox 637 1310 846 1351; x_wconf 88' lang='lat' dir='ltr'>cladibus</span> <span class='ocrx_word' id='word_1_144' title='bbox 890 1310 1029 1351; x_wconf 90' lang='lat' dir='ltr'>finem</span> <span class='ocrx_word' id='word_1_145' title='bbox 1075 1310 1173 1351; x_wconf 90' lang='lat' dir='ltr'>dari</span> <span class='ocrx_word' id='word_1_146' title='bbox 1220 1312 1263 1351; x_wconf 91' lang='lat' dir='ltr'>et</span> <span class='ocrx_word' id='word_1_147' title='bbox 1313 1310 1563 1350; x_wconf 86' lang='lat' dir='ltr'>tristiciam</span> <span class='ocrx_word' id='word_1_148' title='bbox 1609 1323 1762 1352; x_wconf 89' lang='lat' dir='ltr'>meam</span> <span class='ocrx_word' id='word_1_149' title='bbox 1804 1312 1849 1352; x_wconf 96' lang='lat' dir='ltr'>in</span> 
     </span>
     <span class='ocr_line' id='line_1_18' title="bbox 76 1380 1848 1433; baseline 0.002 -13"><span class='ocrx_word' id='word_1_150' title='bbox 76 1380 301 1421; x_wconf 88' lang='lat' dir='ltr'>solacium</span> <span class='ocrx_word' id='word_1_151' title='bbox 333 1381 468 1431; x_wconf 76' lang='lat' dir='ltr'>verti,</span> <span class='ocrx_word' id='word_1_152' title='bbox 503 1382 760 1432; x_wconf 89' lang='lat' dir='ltr'>conspiciat</span> <span class='ocrx_word' id='word_1_153' title='bbox 797 1381 882 1422; x_wconf 84' lang='lat' dir='ltr'>sibi</span> <span class='ocrx_word' id='word_1_154' title='bbox 917 1381 1070 1432; x_wconf 88' lang='lat' dir='ltr'>operis</span> <span class='ocrx_word' id='word_1_155' title='bbox 1115 1381 1184 1421; x_wconf 90' lang='lat' dir='ltr'>sui</span> <span class='ocrx_word' id='word_1_156' title='bbox 1231 1381 1412 1431; x_wconf 88' lang='lat' dir='ltr'>culpam</span> <span class='ocrx_word' id='word_1_157' title='bbox 1456 1382 1730 1433; x_wconf 88' lang='lat' dir='ltr'>supplicium</span> <span class='ocrx_word' id='word_1_158' title='bbox 1773 1395 1848 1423; x_wconf 91' lang='lat' dir='ltr'>ex-</span> 
     </span>
     <span class='ocr_line' id='line_1_19' title="bbox 76 1448 1847 1503; baseline 0.002 -12"><span class='ocrx_word' id='word_1_159' title='bbox 76 1448 332 1503; x_wconf 63' lang='lat' dir='ltr'>spectarea)</span> <span class='ocrx_word' id='word_1_160' title='bbox 363 1463 449 1493; x_wconf 89' lang='lat' dir='ltr'>nec</span> <span class='ocrx_word' id='word_1_161' title='bbox 489 1452 527 1492; x_wconf 85' lang='lat' dir='ltr'>si</span> <span class='ocrx_word' id='word_1_162' title='bbox 569 1462 731 1502; x_wconf 84' lang='lat' dir='ltr'>pacem</span> <span class='ocrx_word' id='word_1_163' title='bbox 765 1452 1000 1493; x_wconf 87' lang='lat' dir='ltr'>distulerit</span> <span class='ocrx_word' id='word_1_164' title='bbox 1044 1452 1196 1503; x_wconf 65' lang='lat' dir='ltr'>michi,</span> <span class='ocrx_word' id='word_1_165' title='bbox 1240 1455 1372 1503; x_wconf 90' lang='lat' dir='ltr'>putet</span> <span class='ocrx_word' id='word_1_166' title='bbox 1417 1452 1550 1503; x_wconf 88' lang='lat' dir='ltr'>longe</span> <span class='ocrx_word' id='word_1_167' title='bbox 1592 1454 1847 1503; x_wconf 87' lang='lat' dir='ltr'>prohibere.</span> 
     </span>
     <span class='ocr_line' id='line_1_20' title="bbox 76 1521 1848 1574; baseline 0.002 -12"><span class='ocrx_word' id='word_1_168' title='bbox 76 1521 165 1562; x_wconf 86' lang='lat' dir='ltr'>Sed</span> <span class='ocrx_word' id='word_1_169' title='bbox 198 1534 301 1563; x_wconf 87' lang='lat' dir='ltr'>cum</span> <span class='ocrx_word' id='word_1_170' title='bbox 335 1534 482 1573; x_wconf 91' lang='lat' dir='ltr'>neque</span> <span class='ocrx_word' id='word_1_171' title='bbox 516 1522 767 1564; x_wconf 88' lang='lat' dir='ltr'>favendum</span> <span class='ocrx_word' id='word_1_172' title='bbox 803 1524 863 1564; x_wconf 92' lang='lat' dir='ltr'>sit</span> <span class='ocrx_word' id='word_1_173' title='bbox 910 1524 1120 1574; x_wconf 88' lang='lat' dir='ltr'>cuiquam</span> <span class='ocrx_word' id='word_1_174' title='bbox 1168 1524 1369 1564; x_wconf 86' lang='lat' dir='ltr'>tentanti</span> <span class='ocrx_word' id='word_1_175' title='bbox 1406 1524 1638 1574; x_wconf 86' lang='lat' dir='ltr'>propriam</span> <span class='ocrx_word' id='word_1_176' title='bbox 1681 1525 1848 1566; x_wconf 89' lang='lat' dir='ltr'>multo-</span> 
     </span>
     <span class='ocr_line' id='line_1_21' title="bbox 74 1593 1845 1645; baseline 0.002 -12"><span class='ocrx_word' id='word_1_177' title='bbox 74 1604 266 1644; x_wconf 89' lang='lat' dir='ltr'>rumque</span> <span class='ocrx_word' id='word_1_178' title='bbox 301 1593 564 1645; x_wconf 68' lang='lat' dir='ltr'>perniciem,</span> <span class='ocrx_word' id='word_1_179' title='bbox 598 1594 689 1635; x_wconf 93' lang='grc'>11011</span> <span class='ocrx_word' id='word_1_180' title='bbox 734 1594 795 1634; x_wconf 83' lang='grc'>1111</span> <span class='ocrx_word' id='word_1_181' title='bbox 831 1594 1060 1635; x_wconf 88' lang='lat' dir='ltr'>adulando</span> <span class='ocrx_word' id='word_1_182' title='bbox 1106 1606 1287 1645; x_wconf 63' lang='grc' dir='ltr'>110001·οἲ</span> <span class='ocrx_word' id='word_1_183' title='bbox 1322 1594 1405 1634; x_wconf 89' lang='lat' dir='ltr'>sed</span> <span class='ocrx_word' id='word_1_184' title='bbox 1449 1597 1755 1636; x_wconf 80' lang='lat' dir='ltr'>excusantem</span> <span class='ocrx_word' id='word_1_185' title='bbox 1801 1598 1845 1637; x_wconf 92' lang='lat' dir='ltr'>et</span> 
     </span>
     <span class='ocr_line' id='line_1_22' title="bbox 74 1664 1848 1716; baseline 0.002 -13"><span class='ocrx_word' id='word_1_186' title='bbox 74 1664 351 1705; x_wconf 89' lang='lat' dir='ltr'>renitentem</span> <span class='ocrx_word' id='word_1_187' title='bbox 396 1665 619 1715; x_wconf 86' lang='lat' dir='ltr'>compelle</span> <span class='ocrx_word' id='word_1_188' title='bbox 665 1668 854 1715; x_wconf 90' lang='lat' dir='ltr'>propter</span> <span class='ocrx_word' id='word_1_189' title='bbox 900 1677 1033 1705; x_wconf 84' lang='lat' dir='ltr'>suam</span> <span class='ocrx_word' id='word_1_190' title='bbox 1081 1676 1363 1715; x_wconf 87' lang='lat' dir='ltr'>suorumque</span> <span class='ocrx_word' id='word_1_191' title='bbox 1410 1665 1608 1706; x_wconf 87' lang='lat' dir='ltr'>salutem</span> <span class='ocrx_word' id='word_1_192' title='bbox 1654 1667 1848 1716; x_wconf 88' lang='lat' dir='ltr'>nupcias</span> 
     </span>
     <span class='ocr_line' id='line_1_23' title="bbox 74 1733 1848 1788; baseline 0.002 -14"><span class='ocrx_word' id='word_1_193' title='bbox 74 1734 263 1786; x_wconf 65' lang='lat' dir='ltr'>intrare,</span> <span class='ocrx_word' id='word_1_194' title='bbox 304 1736 409 1786; x_wconf 89' lang='lat' dir='ltr'>quia</span> <span class='ocrx_word' id='word_1_195' title='bbox 444 1747 557 1776; x_wconf 87' lang='lat' dir='ltr'>cena</span> <span class='ocrx_word' id='word_1_196' title='bbox 590 1735 718 1777; x_wconf 89' lang='lat' dir='ltr'>facta</span> <span class='ocrx_word' id='word_1_197' title='bbox 752 1739 824 1776; x_wconf 87' lang='lat' dir='ltr'>est</span> <span class='ocrx_word' id='word_1_198' title='bbox 866 1740 909 1776; x_wconf 89' lang='lat' dir='ltr'>et</span> <span class='ocrx_word' id='word_1_199' title='bbox 945 1739 1111 1786; x_wconf 85' lang='lat' dir='ltr'>parata</span> <span class='ocrx_word' id='word_1_200' title='bbox 1155 1738 1265 1776; x_wconf 91' lang='lat' dir='ltr'>sunt</span> <span class='ocrx_word' id='word_1_201' title='bbox 1299 1733 1505 1783; x_wconf 77' lang='lat' dir='ltr'>omnia.1)</span> <span class='ocrx_word' id='word_1_202' title='bbox 1569 1736 1623 1776; x_wconf 87' lang='lat' dir='ltr'>Et</span> <span class='ocrx_word' id='word_1_203' title='bbox 1659 1740 1848 1788; x_wconf 90' lang='lat' dir='ltr'>propter</span> 
     </span>
     <span class='ocr_line' id='line_1_24' title="bbox 74 1805 1847 1858; baseline 0.001 -13"><span class='ocrx_word' id='word_1_204' title='bbox 74 1805 162 1846; x_wconf 91' lang='lat' dir='ltr'>hoc</span> <span class='ocrx_word' id='word_1_205' title='bbox 196 1805 375 1846; x_wconf 87' lang='lat' dir='ltr'>dulcem</span> <span class='ocrx_word' id='word_1_206' title='bbox 410 1807 768 1857; x_wconf 89' lang='lat' dir='ltr'>primogenitum</span> <span class='ocrx_word' id='word_1_207' title='bbox 804 1818 956 1847; x_wconf 91' lang='lat' dir='ltr'>meum</span> <span class='ocrx_word' id='word_1_208' title='bbox 982 1807 1216 1847; x_wconf 86' lang='lat' dir='ltr'>excelsum</span> <span class='ocrx_word' id='word_1_209' title='bbox 1241 1818 1320 1857; x_wconf 88' lang='lat' dir='ltr'>pre</span> <span class='ocrx_word' id='word_1_210' title='bbox 1345 1806 1531 1857; x_wconf 88' lang='lat' dir='ltr'>regibus</span> <span class='ocrx_word' id='word_1_211' title='bbox 1556 1810 1678 1847; x_wconf 86' lang='lat' dir='ltr'>terre</span> <span class='ocrx_word' id='word_1_212' title='bbox 1702 1819 1847 1858; x_wconf 85' lang='lat' dir='ltr'>regna</span> 
     </span>
     <span class='ocr_line' id='line_1_25' title="bbox 76 1875 1848 1929; baseline 0.002 -14"><span class='ocrx_word' id='word_1_213' title='bbox 76 1875 164 1916; x_wconf 88' lang='lat' dir='ltr'>feci</span> <span class='ocrx_word' id='word_1_214' title='bbox 209 1876 367 1927; x_wconf 84' lang='lat' dir='ltr'>egredi</span> <span class='ocrx_word' id='word_1_215' title='bbox 415 1877 615 1928; x_wconf 70' lang='lat' dir='ltr'>propria,</span> <span class='ocrx_word' id='word_1_216' title='bbox 665 1880 854 1918; x_wconf 87' lang='lat' dir='ltr'>exteras</span> <span class='ocrx_word' id='word_1_217' title='bbox 908 1878 1203 1928; x_wconf 86' lang='lat' dir='ltr'>peregrinare</span> <span class='ocrx_word' id='word_1_218' title='bbox 1253 1877 1488 1925; x_wconf 60' lang='lat' dir='ltr'>naciones</span> <span class='ocrx_word' id='word_1_219' title='bbox 1538 1880 1679 1929; x_wconf 88' lang='lat' dir='ltr'>utque</span> <span class='ocrx_word' id='word_1_220' title='bbox 1729 1879 1848 1919; x_wconf 85' lang='lat' dir='ltr'>alter</span> 
     </span>
     <span class='ocr_line' id='line_1_26' title="bbox 76 1945 1847 1999; baseline 0.003 -13"><span class='ocrx_word' id='word_1_221' title='bbox 76 1945 268 1987; x_wconf 88' lang='lat' dir='ltr'>alterius</span> <span class='ocrx_word' id='word_1_222' title='bbox 290 1947 654 1988; x_wconf 88' lang='lat' dir='ltr'>iocundaremini</span> <span class='ocrx_word' id='word_1_223' title='bbox 679 1951 886 1999; x_wconf 71' lang='lat' dir='ltr'>aspectu,</span> <span class='ocrx_word' id='word_1_224' title='bbox 912 1948 985 1998; x_wconf 87' lang='lat' dir='ltr'>qui</span> <span class='ocrx_word' id='word_1_225' title='bbox 1006 1948 1202 1988; x_wconf 88' lang='lat' dir='ltr'>invicem</span> <span class='ocrx_word' id='word_1_226' title='bbox 1223 1959 1307 1988; x_wconf 92' lang='lat' dir='ltr'>vos</span> <span class='ocrx_word' id='word_1_227' title='bbox 1327 1947 1591 1998; x_wconf 85' lang='lat' dir='ltr'>diligebatis</span> <span class='ocrx_word' id='word_1_228' title='bbox 1612 1949 1847 1992; x_wconf 77' lang='lat' dir='ltr'>absentes.</span> 
     </span>
     <span class='ocr_line' id='line_1_27' title="bbox 74 2017 1848 2069; baseline 0.002 -13"><span class='ocrx_word' id='word_1_229' title='bbox 74 2017 225 2067; x_wconf 89' lang='lat' dir='ltr'>ipsum</span> <span class='ocrx_word' id='word_1_230' title='bbox 261 2018 318 2058; x_wconf 89' lang='lat' dir='ltr'>ad</span> <span class='ocrx_word' id='word_1_231' title='bbox 351 2020 397 2058; x_wconf 91' lang='lat' dir='ltr'>te</span> <span class='ocrx_word' id='word_1_232' title='bbox 430 2018 636 2069; x_wconf 89' lang='lat' dir='ltr'>perduxi.</span> <span class='ocrx_word' id='word_1_233' title='bbox 702 2019 877 2059; x_wconf 81' lang='lat' dir='ltr'>Exaudi</span> <span class='ocrx_word' id='word_1_234' title='bbox 913 2030 1038 2069; x_wconf 65' lang='lat' dir='ltr'>ergo,</span> <span class='ocrx_word' id='word_1_235' title='bbox 1070 2018 1145 2069; x_wconf 65' lang='lat' dir='ltr'>fili,</span> <span class='ocrx_word' id='word_1_236' title='bbox 1171 2019 1453 2069; x_wconf 88' lang='lat' dir='ltr'>geminantis</span> <span class='ocrx_word' id='word_1_237' title='bbox 1478 2032 1660 2061; x_wconf 88' lang='lat' dir='ltr'>mecum</span> <span class='ocrx_word' id='word_1_238' title='bbox 1684 2019 1848 2061; x_wconf 84' lang='lat' dir='ltr'>fratris</span> 
     </span>
     <span class='ocr_line' id='line_1_28' title="bbox 73 2087 1847 2140; baseline 0.002 -13"><span class='ocrx_word' id='word_1_239' title='bbox 73 2087 141 2127; x_wconf 92' lang='lat' dir='ltr'>tui</span> <span class='ocrx_word' id='word_1_240' title='bbox 174 2100 351 2139; x_wconf 78' lang='lat' dir='ltr'>preceS,</span> <span class='ocrx_word' id='word_1_241' title='bbox 386 2089 565 2140; x_wconf 88' lang='lat' dir='ltr'>comple</span> <span class='ocrx_word' id='word_1_242' title='bbox 598 2091 711 2130; x_wconf 51' lang='lat' dir='ltr'>vota¹</span> <span class='ocrx_word' id='word_1_243' title='bbox 744 2093 788 2130; x_wconf 91' lang='lat' dir='ltr'>et</span> <span class='ocrx_word' id='word_1_244' title='bbox 824 2090 1051 2130; x_wconf 90' lang='lat' dir='ltr'>desideria</span> <span class='ocrx_word' id='word_1_245' title='bbox 1088 2088 1270 2140; x_wconf 86' lang='lat' dir='ltr'>pertice.</span> <span class='ocrx_word' id='word_1_246' title='bbox 1336 2090 1393 2130; x_wconf 84' lang='lat' dir='ltr'>Et</span> <span class='ocrx_word' id='word_1_247' title='bbox 1426 2094 1535 2140; x_wconf 88' lang='lat' dir='ltr'>post</span> <span class='ocrx_word' id='word_1_248' title='bbox 1567 2091 1704 2131; x_wconf 84' lang='lat' dir='ltr'>michi</span> <span class='ocrx_word' id='word_1_249' title='bbox 1748 2092 1847 2131; x_wconf 87' lang='lat' dir='ltr'>red-</span> 
     </span>
     <span class='ocr_line' id='line_1_29' title="bbox 75 2157 1847 2211; baseline 0.003 -14"><span class='ocrx_word' id='word_1_250' title='bbox 75 2157 220 2199; x_wconf 89' lang='lat' dir='ltr'>ditam</span> <span class='ocrx_word' id='word_1_251' title='bbox 254 2159 640 2210; x_wconf 89' lang='lat' dir='ltr'>reintegracionis</span> <span class='ocrx_word' id='word_1_252' title='bbox 676 2161 877 2211; x_wconf 88' lang='lat' dir='ltr'>quietem</span> <span class='ocrx_word' id='word_1_253' title='bbox 902 2162 1068 2211; x_wconf 83' lang='lat' dir='ltr'>rogate</span> <span class='ocrx_word' id='word_1_254' title='bbox 1099 2160 1234 2201; x_wconf 87' lang='lat' dir='ltr'>ambo</span> <span class='ocrx_word' id='word_1_255' title='bbox 1260 2161 1534 2201; x_wconf 88' lang='lat' dir='ltr'>sacerdotes</span> <span class='ocrx_word' id='word_1_256' title='bbox 1558 2162 1654 2203; x_wconf 90' lang='lat' dir='ltr'>Deo</span> <span class='ocrx_word' id='word_1_257' title='bbox 1679 2162 1847 2203; x_wconf 86' lang='lat' dir='ltr'>offerre</span> 
     </span>
     <span class='ocr_line' id='line_1_30' title="bbox 75 2228 1847 2283; baseline 0.003 -15"><span class='ocrx_word' id='word_1_258' title='bbox 75 2228 353 2270; x_wconf 89' lang='lat' dir='ltr'>sacrificium</span> <span class='ocrx_word' id='word_1_259' title='bbox 387 2242 478 2271; x_wconf 93' lang='lat' dir='ltr'>non</span> <span class='ocrx_word' id='word_1_260' title='bbox 521 2231 734 2281; x_wconf 89' lang='lat' dir='ltr'>superbie</span> <span class='ocrx_word' id='word_1_261' title='bbox 769 2234 843 2271; x_wconf 84' lang='lat' dir='ltr'>set</span> <span class='ocrx_word' id='word_1_262' title='bbox 875 2231 1167 2283; x_wconf 65' lang='lat' dir='ltr'>humilitatis,</span> <span class='ocrx_word' id='word_1_263' title='bbox 1201 2243 1292 2272; x_wconf 93' lang='lat' dir='ltr'>non</span> <span class='ocrx_word' id='word_1_264' title='bbox 1326 2232 1529 2273; x_wconf 80' lang='lat' dir='ltr'>avaricie</span> <span class='ocrx_word' id='word_1_265' title='bbox 1564 2235 1636 2273; x_wconf 91' lang='lat' dir='ltr'>set</span> <span class='ocrx_word' id='word_1_266' title='bbox 1679 2233 1847 2273; x_wconf 92' lang='lat' dir='ltr'>elemo-</span> 
     </span>
     <span class='ocr_line' id='line_1_31' title="bbox 75 2299 1844 2355; baseline 0.002 -16"><span class='ocrx_word' id='word_1_267' title='bbox 75 2299 187 2350; x_wconf 81' lang='lat' dir='ltr'>sine,</span> <span class='ocrx_word' id='word_1_268' title='bbox 220 2301 311 2341; x_wconf 90' lang='lat' dir='ltr'>non</span> <span class='ocrx_word' id='word_1_269' title='bbox 343 2301 513 2342; x_wconf 91' lang='lat' dir='ltr'>invidie</span> <span class='ocrx_word' id='word_1_270' title='bbox 547 2305 619 2342; x_wconf 91' lang='lat' dir='ltr'>set</span> <span class='ocrx_word' id='word_1_271' title='bbox 655 2303 883 2353; x_wconf 79' lang='lat' dir='ltr'>caritatis,</span> <span class='ocrx_word' id='word_1_272' title='bbox 917 2314 1008 2343; x_wconf 93' lang='lat' dir='ltr'>non</span> <span class='ocrx_word' id='word_1_273' title='bbox 1042 2302 1107 2342; x_wconf 86' lang='lat' dir='ltr'>ire</span> <span class='ocrx_word' id='word_1_274' title='bbox 1141 2304 1212 2342; x_wconf 91' lang='lat' dir='ltr'>set</span> <span class='ocrx_word' id='word_1_275' title='bbox 1244 2302 1493 2355; x_wconf 40' lang='lat' dir='ltr'>paciencia</span> <span class='ocrx_word' id='word_1_276' title='bbox 1524 2315 1616 2343; x_wconf 91' lang='lat' dir='ltr'>non</span> <span class='ocrx_word' id='word_1_277' title='bbox 1650 2304 1739 2344; x_wconf 90' lang='lat' dir='ltr'>odii</span> <span class='ocrx_word' id='word_1_278' title='bbox 1775 2307 1844 2343; x_wconf 91' lang='lat' dir='ltr'>set</span> 
     </span>
     <span class='ocr_line' id='line_1_32' title="bbox 74 2370 1846 2424; baseline 0.002 -14"><span class='ocrx_word' id='word_1_279' title='bbox 74 2370 334 2412; x_wconf 88' lang='lat' dir='ltr'>dilectionis</span> <span class='ocrx_word' id='word_1_280' title='bbox 371 2404 376 2410; x_wconf 96' lang='lat'>.</span> <span class='ocrx_word' id='word_1_281' title='bbox 413 2404 420 2412; x_wconf 95' lang='lat'><strong><em>.</em></strong></span> <span class='ocrx_word' id='word_1_282' title='bbox 456 2404 463 2412; x_wconf 91' lang='lat'><strong>.</strong></span> <span class='ocrx_word' id='word_1_283' title='bbox 502 2372 559 2412; x_wconf 88' lang='lat' dir='ltr'>Et</span> <span class='ocrx_word' id='word_1_284' title='bbox 593 2385 678 2413; x_wconf 86' lang='lat' dir='ltr'>vos</span> <span class='ocrx_word' id='word_1_285' title='bbox 713 2373 864 2424; x_wconf 71' lang='lat' dir='ltr'>ame</span> <span class='ocrx_word' id='word_1_286' title='bbox 907 2373 997 2414; x_wconf 86' lang='lat' dir='ltr'>filii.</span> <span class='ocrx_word' id='word_1_287' title='bbox 1042 2373 1196 2413; x_wconf 88' lang='lat' dir='ltr'>audite</span> <span class='ocrx_word' id='word_1_288' title='bbox 1240 2385 1325 2417; x_wconf 78' lang='grc'>1110,</span> <span class='ocrx_word' id='word_1_289' title='bbox 1370 2374 1585 2423; x_wconf 85' lang='lat' dir='ltr'>quoniam</span> <span class='ocrx_word' id='word_1_290' title='bbox 1622 2374 1658 2413; x_wconf 86' lang='lat' dir='ltr'>si</span> <span class='ocrx_word' id='word_1_291' title='bbox 1694 2373 1846 2413; x_wconf 86' lang='lat' dir='ltr'>audie-</span> 
     </span>
     <span class='ocr_line' id='line_1_33' title="bbox 73 2441 1846 2495; baseline 0.002 -15"><span class='ocrx_word' id='word_1_292' title='bbox 73 2441 176 2481; x_wconf 88' lang='lat' dir='ltr'>ritis</span> <span class='ocrx_word' id='word_1_293' title='bbox 211 2454 297 2493; x_wconf 78' lang='lat' dir='ltr'>me,</span> <span class='ocrx_word' id='word_1_294' title='bbox 330 2455 438 2483; x_wconf 89' lang='lat' dir='ltr'>ecce</span> <span class='ocrx_word' id='word_1_295' title='bbox 472 2446 621 2484; x_wconf 87' lang='lat' dir='ltr'>testes</span> <span class='ocrx_word' id='word_1_296' title='bbox 655 2444 757 2483; x_wconf 91' lang='lat' dir='ltr'>dedi</span> <span class='ocrx_word' id='word_1_297' title='bbox 792 2456 877 2484; x_wconf 82' lang='lat' dir='ltr'>vos</span> <span class='ocrx_word' id='word_1_298' title='bbox 912 2444 1091 2495; x_wconf 85' lang='lat' dir='ltr'>populis</span> <span class='ocrx_word' id='word_1_299' title='bbox 1125 2444 1207 2483; x_wconf 83' lang='lat' dir='ltr'>zeli</span> <span class='ocrx_word' id='word_1_300' title='bbox 1244 2444 1395 2484; x_wconf 84' lang='lat' dir='ltr'>(livine</span> <span class='ocrx_word' id='word_1_301' title='bbox 1422 2444 1670 2495; x_wconf 64' lang='lat' dir='ltr'>religionis„</span> <span class='ocrx_word' id='word_1_302' title='bbox 1705 2444 1846 2484; x_wconf 85' lang='lat' dir='ltr'>duces</span> 
     </span>
     <span class='ocr_line' id='line_1_34' title="bbox 75 2514 1844 2565; baseline 0.001 -13"><span class='ocrx_word' id='word_1_303' title='bbox 75 2524 128 2552; x_wconf 89' lang='lat' dir='ltr'>ac</span> <span class='ocrx_word' id='word_1_304' title='bbox 161 2515 462 2563; x_wconf 88' lang='lat' dir='ltr'>preceptores</span> <span class='ocrx_word' id='word_1_305' title='bbox 495 2514 713 2564; x_wconf 91' lang='lat' dir='ltr'>gentibus</span> <span class='ocrx_word' id='word_1_306' title='bbox 754 2546 761 2554; x_wconf 90' lang='lat'><strong><em>.</em></strong></span> <span class='ocrx_word' id='word_1_307' title='bbox 798 2546 805 2553; x_wconf 94' lang='lat'>.</span> <span class='ocrx_word' id='word_1_308' title='bbox 843 2547 850 2554; x_wconf 94' lang='lat'>.</span> <span class='ocrx_word' id='word_1_309' title='bbox 916 2515 1170 2565; x_wconf 88' lang='lat' dir='ltr'>Preparate</span> <span class='ocrx_word' id='word_1_310' title='bbox 1216 2514 1343 2555; x_wconf 90' lang='lat' dir='ltr'>cibos</span> <span class='ocrx_word' id='word_1_311' title='bbox 1391 2515 1449 2554; x_wconf 89' lang='lat' dir='ltr'>ad</span> <span class='ocrx_word' id='word_1_312' title='bbox 1494 2514 1844 2555; x_wconf 85' lang='lat' dir='ltr'>refocillandum</span> 
     </span>
     <span class='ocr_line' id='line_1_35' title="bbox 74 2583 1845 2635; baseline 0.001 -12"><span class='ocrx_word' id='word_1_313' title='bbox 74 2583 331 2624; x_wconf 86' lang='lat' dir='ltr'>exercitum</span> <span class='ocrx_word' id='word_1_314' title='bbox 365 2596 533 2635; x_wconf 79' lang='lat' dir='ltr'>meum,</span> <span class='ocrx_word' id='word_1_315' title='bbox 568 2586 826 2625; x_wconf 88' lang='lat' dir='ltr'>construite</span> <span class='ocrx_word' id='word_1_316' title='bbox 860 2586 1100 2626; x_wconf 88' lang='lat' dir='ltr'>machinas</span> <span class='ocrx_word' id='word_1_317' title='bbox 1126 2588 1170 2626; x_wconf 90' lang='lat' dir='ltr'>et</span> <span class='ocrx_word' id='word_1_318' title='bbox 1196 2586 1511 2626; x_wconf 88' lang='lat' dir='ltr'>instrumenta</span> <span class='ocrx_word' id='word_1_319' title='bbox 1535 2586 1593 2626; x_wconf 90' lang='lat' dir='ltr'>ad</span> <span class='ocrx_word' id='word_1_320' title='bbox 1616 2585 1845 2626; x_wconf 87' lang='lat' dir='ltr'>debellan-</span> 
     </span>
     <span class='ocr_line' id='line_1_36' title="bbox 75 2653 1845 2706; baseline 0.002 -13"><span class='ocrx_word' id='word_1_321' title='bbox 75 2653 159 2694; x_wconf 86' lang='lat' dir='ltr'>das</span> <span class='ocrx_word' id='word_1_322' title='bbox 202 2655 502 2696; x_wconf 88' lang='lat' dir='ltr'>municiones.</span> <span class='ocrx_word' id='word_1_323' title='bbox 566 2654 808 2696; x_wconf 83' lang='lat' dir='ltr'>Accersite</span> <span class='ocrx_word' id='word_1_324' title='bbox 851 2656 1067 2697; x_wconf 88' lang='lat' dir='ltr'>sacculos</span> <span class='ocrx_word' id='word_1_325' title='bbox 1109 2658 1157 2696; x_wconf 93' lang='lat' dir='ltr'>et</span> <span class='ocrx_word' id='word_1_326' title='bbox 1200 2656 1379 2706; x_wconf 90' lang='lat' dir='ltr'>ligones</span> <span class='ocrx_word' id='word_1_327' title='bbox 1415 2688 1422 2696; x_wconf 92' lang='lat'><strong>.</strong></span> <span class='ocrx_word' id='word_1_328' title='bbox 1458 2688 1465 2696; x_wconf 90' lang='lat'><strong><em>.</em></strong></span> <span class='ocrx_word' id='word_1_329' title='bbox 1503 2687 1510 2696; x_wconf 90' lang='lat'><strong>.</strong></span> <span class='ocrx_word' id='word_1_330' title='bbox 1545 2659 1591 2697; x_wconf 88' lang='lat' dir='ltr'>et</span> <span class='ocrx_word' id='word_1_331' title='bbox 1627 2688 1633 2696; x_wconf 94' lang='lat'>.</span> <span class='ocrx_word' id='word_1_332' title='bbox 1670 2687 1711 2696; x_wconf 90' lang='lat'>..</span> <span class='ocrx_word' id='word_1_333' title='bbox 1747 2667 1845 2696; x_wconf 87' lang='lat' dir='ltr'>car-</span> 
     </span>
     <span class='ocr_line' id='line_1_37' title="bbox 74 2725 1845 2778; baseline 0.001 -13"><span class='ocrx_word' id='word_1_334' title='bbox 74 2725 315 2774; x_wconf 87' lang='lat' dir='ltr'>pentarios</span> <span class='ocrx_word' id='word_1_335' title='bbox 351 2725 579 2775; x_wconf 75' lang='lat' dir='ltr'>adducite,</span> <span class='ocrx_word' id='word_1_336' title='bbox 615 2727 844 2777; x_wconf 87' lang='lat' dir='ltr'>applicate</span> <span class='ocrx_word' id='word_1_337' title='bbox 879 2728 1089 2768; x_wconf 88' lang='lat' dir='ltr'>curribus</span> <span class='ocrx_word' id='word_1_338' title='bbox 1123 2739 1282 2778; x_wconf 86' lang='lat' dir='ltr'>equos.</span> <span class='ocrx_word' id='word_1_339' title='bbox 1316 2728 1459 2777; x_wconf 90' lang='lat' dir='ltr'>ligate</span> <span class='ocrx_word' id='word_1_340' title='bbox 1485 2727 1845 2777; x_wconf 77' lang='lat' dir='ltr'>sacculoS‚011e-</span> 
     </span>
     <span class='ocr_line' id='line_1_38' title="bbox 75 2792 592 2845; baseline 0.008 -12"><span class='ocrx_word' id='word_1_341' title='bbox 75 2796 176 2835; x_wconf 87' lang='lat' dir='ltr'>rate</span> <span class='ocrx_word' id='word_1_342' title='bbox 209 2796 421 2837; x_wconf 87' lang='lat' dir='ltr'>sarcinas</span> <span class='ocrx_word' id='word_1_343' title='bbox 457 2828 464 2836; x_wconf 91' lang='lat'><em>.</em></span> <span class='ocrx_word' id='word_1_344' title='bbox 501 2828 508 2836; x_wconf 93' lang='lat'><strong>.</strong></span> <span class='ocrx_word' id='word_1_345' title='bbox 545 2792 592 2845; x_wconf 72' lang='lat'>.2)</span> 
     </span>
    </p>
   </div>
   <div class='ocr_carea' id='block_1_3' title="bbox 191 2920 519 2954">
    <p class='ocr_par' dir='ltr' id='par_1_3' title="bbox 191 2920 519 2954">
     <span class='ocr_line' id='line_1_39' title="bbox 191 2920 519 2954; baseline 0 -8"><span class='ocrx_word' id='word_1_346' title='bbox 191 2920 224 2954; x_wconf 87' lang='lat' dir='ltr'>a)</span> <span class='ocrx_word' id='word_1_347' title='bbox 243 2921 292 2947; x_wconf 86' lang='lat' dir='ltr'>Hs</span> <span class='ocrx_word' id='word_1_348' title='bbox 312 2923 519 2954; x_wconf 57' lang='lat' dir='ltr'>exspem-tere.</span> 
     </span>
    </p>
   </div>
   <div class='ocr_carea' id='block_1_4' title="bbox 194 2980 1841 3085">
    <p class='ocr_par' dir='ltr' id='par_1_4' title="bbox 194 2980 1841 3085">
     <span class='ocr_line' id='line_1_40' title="bbox 195 2980 612 3017; baseline -0.005 0"><span class='ocrx_word' id='word_1_349' title='bbox 195 2980 220 3017; x_wconf 83' lang='lat'>¹)</span> <span class='ocrx_word' id='word_1_350' title='bbox 253 2981 330 3016; x_wconf 67' lang='grc' dir='ltr'>ΠΖ.</span> <span class='ocrx_word' id='word_1_351' title='bbox 355 2983 446 3017; x_wconf 75' lang='lat' dir='ltr'>Luc.</span> <span class='ocrx_word' id='word_1_352' title='bbox 474 2984 529 3017; x_wconf 67' lang='lat'>14.</span> <span class='ocrx_word' id='word_1_353' title='bbox 558 2984 612 3016; x_wconf 77' lang='lat'>17.</span> 
     </span>
     <span class='ocr_line' id='line_1_41' title="bbox 194 2994 1841 3085; baseline -0.001 -10"><span class='ocrx_word' id='word_1_354' title='bbox 194 3018 220 3075; x_wconf 17' lang='grc' dir='ltr'>2ι)</span> <span class='ocrx_word' id='word_1_355' title='bbox 248 2994 304 3074; x_wconf 55' lang='grc' dir='ltr'>ΕΞ</span> <span class='ocrx_word' id='word_1_356' title='bbox 324 3040 452 3083; x_wconf 65' lang='grc' dir='ltr'><em>ΓοῙῃθη</em></span> <span class='ocrx_word' id='word_1_357' title='bbox 484 3041 576 3075; x_wconf 76' lang='lat' dir='ltr'>noch</span> <span class='ocrx_word' id='word_1_358' title='bbox 606 3041 736 3076; x_wconf 74' lang='lat' dir='ltr'>etle&#39;che</span> <span class='ocrx_word' id='word_1_359' title='bbox 763 3042 942 3076; x_wconf 71' lang='lat' dir='ltr'>(tlenliehe</span> <span class='ocrx_word' id='word_1_360' title='bbox 968 3042 1105 3076; x_wconf 74' lang='lat' dir='ltr'>Bilder</span> <span class='ocrx_word' id='word_1_361' title='bbox 1130 3042 1226 3076; x_wconf 68' lang='lat' dir='ltr'>almo</span> <span class='ocrx_word' id='word_1_362' title='bbox 1246 3043 1334 3085; x_wconf 57' lang='lat' dir='ltr'>jede</span> <span class='ocrx_word' id='word_1_363' title='bbox 1362 3043 1586 3077; x_wconf 63' lang='lat' dir='ltr'>histem-ischa</span> <span class='ocrx_word' id='word_1_364' title='bbox 1605 3043 1841 3084; x_wconf 71' lang='lat' dir='ltr'>Rcdentnugs.</span> 
     </span>
    </p>
   </div>
  </div>
 </body>
</html>
