2178 3404
295 131 377 175 '288
665 142 688 174 l.
719 141 936 174 Absohnitt.
988 137 1144 172 Johann
1173 138 1310 172 XXIII.
1339 139 1415 171 und
1445 138 1515 171 (Ias
1543 135 1691 171 Konzil.

293 265 430 293 unmn
468 252 859 292 ambassiatorem
885 251 1096 289 nostrum
1132 260 1232 287 cum
1260 247 1499 287 oblacione
1524 247 1642 288 bone
1670 259 1850 288 summe
1876 248 2065 298 pecunie

294 324 362 363 vel
412 322 704 363 committere
751 321 873 360 ‹licto
919 319 1134 363 Antonio,
1182 318 1284 368 quia
1337 318 1449 357 bene
1496 318 1733 358 audiretur
1780 319 1834 358 ab
1882 319 1981 368 ipso
2023 319 2063 358 d.

294 394 507 444 principe,
543 393 615 442 qui
652 392 780 431 daret
819 391 904 430 sibi
940 389 1257 440 plenissimam
1292 388 1441 437 fidem„
1476 401 1555 438 per
1595 389 1781 429 modum
1822 389 2063 429 inducendi

291 476 393 504 eum
433 475 512 514 pro
550 463 841 503 relaxacione
886 461 995 501 dicti
1043 472 1158 511 pape
1199 460 1441 509 Johannis,
1489 460 1703 509 quoniam
1753 459 1988 509 predictus
2024 460 2063 499 d.

292 536 504 585 princeps
539 545 641 573 cum
676 533 857 583 prefato
892 532 932 571 d.
969 531 1137 572 comite
1172 530 1382 570 Palatino
1416 530 1702 570 inveniretur
1736 530 1792 570 ad
1832 530 1916 570 lioc
1952 530 2065 570 bene

290 606 547 655 dispositus
583 607 625 644 et
654 606 926 653 sequeretur
949 602 1201 642 11111111111161ι
1224 601 1441 641 liberacio
1467 612 1582 650 pape
1605 601 1831 640 doliannis
1859 601 2064 650 predicti.

290 677 409 716 sicut
447 676 564 715 idem
602 675 831 714 Antonius
867 674 1134 714 distinctius
1169 673 1380 713 enaravit
1416 674 1502 711 etc.

410 759 669 799 Secundum
715 760 869 798 autem
914 756 1127 807 exposuit
1174 756 1258 795 sub
1294 755 1439 795 literis
1481 754 1815 794 familiaritatis
1861 755 2065 805 appertis

289 829 574 869 serenissimi
600 829 640 869 d.
665 829 788 879 regis
814 828 1129 868 Francllorum
1156 829 1199 867 et
1237 826 1429 866 aliorum
1456 837 1590 875 quam
1618 825 1811 875 plurium
1839 825 2062 865 baronum

290 900 415 950 regni
461 900 667 941 Francie.
715 899 847 950 quod.
889 899 924 938 si
960 901 1124 937 nostro
1161 896 1361 936 dominio
1399 896 1614 946 placeret.
1662 896 1990 936 serenissimus
2025 896 2064 935 d.

290 983 368 1011 rex
409 971 598 1011 Francie
632 974 675 1009 et
713 971 914 1010 barones
952 969 1019 1009 sui
1057 980 1106 1008 se
1143 967 1447 1017 intelligerent
1486 966 1680 1006 libenter
1713 970 1753 1005 et
1795 967 2059 1016 colligarent

290 1055 390 1082 cum
446 1044 610 1081 nostro
675 1041 875 1081 dominio
931 1042 975 1080 et
1032 1039 1189 1079 habito
1246 1050 1271 1077 a
1325 1037 1449 1077 dicto
1506 1037 1728 1076 Antonio.
1794 1037 1914 1087 quod
1967 1037 2065 1087 ipse

291 1113 521 1153 Antonius
570 1113 844 1162 loquebatur
890 1112 930 1150 in
981 1109 1239 1160 colligando
1283 1109 1430 1158 ipsum
1480 1108 1519 1147 d.
1564 1119 1718 1157 regem
1770 1114 1813 1147 et
1866 1108 2065 1148 barones

293 1184 482 1224 Francie
518 1195 618 1223 cum
654 1184 818 1222 nostro
855 1182 1056 1222 dominio
1093 1191 1231 1230 super
1265 1179 1404 1219 factis
1455 1183 1618 1218 sancte
1664 1179 1828 1218 matris
1872 1179 2065 1218 ecclesie

289 1258 332 1294 et
370 1266 508 1304 super
542 1253 681 1293 factis
708 1253 909 1303 imperii:
945 1256 988 1292 et
1026 1252 1160 1302 quod.
1186 1251 1223 1290 si
1247 1252 1410 1290 nostra
1436 1249 1696 1289 dominacio
1722 1249 1779 1289 ad
1802 1249 1887 1289 hoc
1915 1252 2065 1289 atten-

289 1326 416 1366 deret
453 1327 499 1365 et
535 1324 693 1364 liberet
729 1323 862 1363 nobis
898 1323 952 1363 de
993 1325 1154 1362 nostra
1204 1321 1466 1361 intencione
1514 1320 1599 1360 sibi
1644 1320 1812 1370 aliquid
1857 1320 2065 1370 apperire

288 1409 356 1447 eo‚
405 1396 524 1446 quod
570 1407 654 1436 1105
700 1394 1050 1434 attenderemus
1096 1392 1152 1432 ad
1198 1392 1348 1441 ligant,
1397 1392 1499 1441 quia
1546 1391 1874 1431 serenissimus
1910 1391 1949 1430 d.
1986 1403 2063 1430 rex

287 1470 331 1507 et
369 1479 501 1507 suum
539 1466 778 1506 concilium
816 1465 901 1514 ipsi
944 1464 1145 1503 Antonio
1194 1463 1285 1503 late
1333 1462 1556 1512 crederet,
1602 1464 1841 1502 teneretur
1885 1461 2064 1502 modus.

289 1538 410 1589 quod
459 1538 633 1577 veniret
683 1536 739 1576 ad
782 1535 1070 1586 presenciam
1118 1533 1267 1574 nostri
1316 1533 1501 1573 dominii
1550 1534 1711 1573 orator
1756 1544 1894 1582 super
1940 1532 2062 1572 dicta

288 1609 485 1650 materia
522 1609 575 1648 de
611 1607 760 1658 magis
796 1607 992 1646 secretis
1029 1604 1305 1646 consiliariis
1340 1604 1449 1644 dicti
1485 1604 1525 1643 d.
1560 1604 1683 1654 regis
1719 1605 1805 1643 etc.

407 1691 765 1742 Respondentur
800 1689 983 1740 prefato
1019 1689 1222 1729 Antonio
1267 1690 1309 1726 et
1348 1687 1494 1736 primo
1530 1687 1586 1726 ad
1629 1687 1823 1737 primam
1869 1689 2063 1736 partem.

290 1764 411 1815 quod
446 1763 706 1803 audivimus
731 1764 775 1801 et
803 1761 932 1811 plene
957 1760 1268 1800 intelleximus
1293 1769 1361 1799 ea.
1386 1770 1472 1808 que
1496 1758 1733 1808 sapienter
1756 1760 1800 1797 et
1826 1757 2064 1807 eleganter

288 1836 422 1875 nobis
456 1833 673 1884 exposuit
708 1843 788 1882 pro
830 1834 962 1882 parte
997 1830 1165 1882 prefati
1199 1830 1239 1870 d.
1279 1829 1589 1870 Hartliolomei
1625 1828 1679 1868 de
1723 1828 2062 1878 Montegoncio.

289 1906 344 1946 ad
379 1918 464 1955 que
500 1905 613 1944 bene
649 1903 861 1943 discussa
897 1902 1249 1952 respondemus.
1285 1900 1420 1951 quod„
1455 1900 1574 1940 sicut
1617 1900 1736 1940 scire
1770 1899 1935 1949 potuit⁴¹
1977 1911 2062 1939 nos

288 1976 458 2016 suinius
494 1974 660 2025 prefati
706 1985 821 2024 pape
862 1973 1088 2013 ‚Johannis
1132 1972 1206 2012 filii
1254 1971 1546 2012 devotissimi
1590 1973 1633 2010 et
1677 1970 1732 2010 de
1775 1971 1896 2010 omni
1942 1969 2063 2010 bono

288 2049 417 2086 statu
454 2058 537 2086 suo
573 2045 825 2085 fuissemus
861 2044 1010 2083 valide
1047 2043 1279 2085 contenti:
1315 2044 1388 2082 set
1413 2041 1633 2092 quoniam
1661 2053 1684 2080 a
1710 2040 1830 2081 bono
1854 2042 2064 2090 tempore

288 2117 403 2157 citra
439 2116 647 2155 nescitur
681 2128 706 2155 a
740 2115 886 2155 firmo.
932 2115 1037 2165 quid
1081 2115 1139 2154 sit
1183 2113 1237 2153 de
1278 2124 1476 2163 persona
1524 2124 1621 2163 sua,
1663 2111 1879 2161 quoniam
1928 2111 2063 2161 aliqui

288 2187 442 2227 dicunt
489 2199 591 2227 eum
631 2186 784 2225 vivere
828 2188 870 2225 et
919 2185 991 2225 alii
1036 2185 1219 2225 edicunt
1263 2196 1364 2224 eum
1408 2185 1643 2222 mortuum
1687 2194 1806 2233 esse,
1847 2184 2062 2232 respectu

286 2258 433 2298 eciam
485 2269 659 2305 eorum,
712 2268 796 2306 que
846 2255 1155 2296 diversimode
1205 2255 1488 2304 senciuntur‚
1538 2253 1671 2293 nobis
1721 2264 1812 2293 non
1857 2256 2063 2303 apparet.

288 2328 408 2378 quod
443 2339 517 2368 res
553 2328 611 2367 sit
648 2327 692 2367 in
737 2327 963 2377 terminis7
999 2338 1080 2377 pro
1115 2325 1279 2376 quibus
1315 2325 1373 2365 sit
1416 2324 1620 2365 factibile
1660 2335 1742 2363 nec
1784 2323 2064 2363 racionabile

287 2411 426 2449 super
459 2398 583 2439 dicto
619 2398 745 2438 facto
782 2398 951 2448 aliquid
984 2397 1198 2438 fiendum.

406 2481 476 2521 Ad
511 2481 762 2522 secundam
799 2483 954 2521 autem
990 2482 1171 2530 partem
1206 2479 1560 2530 1·esp011deat11r‚
1596 2477 1716 2527 quod
1749 2477 1869 2517 inter
1894 2476 2063 2516 sereni-

288 2554 436 2592 tatem
471 2551 849 2592 excellentissimi
885 2552 924 2591 d.
959 2551 1083 2602 regis
1119 2550 1435 2591 Franchorum
1480 2554 1523 2589 et
1562 2550 1776 2588 nostrum
1811 2547 2060 2587 dominium

288 2634 472 2673 semper
509 2623 651 2672 viguit
688 2624 827 2672 atque
862 2623 985 2669 viget
1028 2622 1209 2662 sincera
1245 2620 1563 2661 benivolencia
1604 2622 1648 2659 et
1693 2618 1887 2658 devocio
1921 2620 1964 2657 et
2010 2617 2064 2656 de

289 2693 411 2733 omni
448 2705 669 2743 prospero
706 2695 835 2733 statu
871 2698 914 2733 et
951 2692 1244 2733 exaltacione
1279 2703 1364 2732 sua
1401 2691 1521 2730 velut
1565 2701 1646 2729 sue
1680 2688 1946 2728 maiestatis
1989 2687 2063 2727 de-

289 2764 522 2804 votissimi
557 2775 646 2803 non
684 2763 819 2803 aliam
854 2763 1057 2803 leticiam
1092 2774 1229 2813 quam
1265 2762 1320 2802 de
1353 2761 1531 2801 nostris
1565 2760 1802 2810 prosperis
1836 2759 2063 2799 successi-

292 2835 375 2875 bus
400 2834 701 2879 haberemus3
737 2836 806 2874 set
844 2836 1033 2884 propter
1058 2834 1214 2874 varios
1249 2832 1404 2873 mundi
1432 2843 1584 2873 0115115,
1618 2830 1691 2880 qui
1717 2831 1824 2870 sunt
1851 2829 2063 2869 omnibus

291 2904 539 2952 manifestL
574 2905 717 2945 eciam
757 2908 945 2954 propter
979 2904 1151 2944 multas
1177 2904 1292 2944 alias
1328 2903 1539 2943 raciones
1574 2903 1617 2941 et
1655 2911 1824 2941 causas
1853 2899 2062 2940 raciona—

289 2976 401 3016 biles
449 2978 493 3015 et
541 2976 764 3015 honestas
808 2987 897 3014 non
944 2975 1126 3014 videtur
1174 2973 1321 3019 nobis,
1371 2972 1491 3023 quod
1537 2972 1593 3012 sit
1643 2982 1781 3020 super
1825 2970 2062 3020 premissis

290 3047 495 3095 negociis
532 3046 700 3096 aliquid
734 3045 1120 3095 respondendum.
