2178 3404
276 144 363 184 490
633 154 691 186 111.
720 154 938 187 Absclmitt.
990 154 1178 188 Benedikt
1207 154 1304 188 XIII.
1334 155 1410 188 und
1439 155 1510 189 das
1538 156 1686 190 Konzil.

276 261 396 311 (213)
427 261 479 302 K.
516 261 793 302 Ferdessnaml
837 274 902 302 (m
942 261 1121 315 Herzog!
1152 262 1325 315 Robvrt,
1370 263 1601 317 Jeegyezesten
1649 279 1731 307 von»
1763 265 2051 309 Selmlllsmd:

427 332 672 373 Remedilsls
704 331 837 373 XIII.
883 332 1175 386 lreegser2029,
1210 333 1540 386 (‹():ud(mk·cn;
1591 335 1938 391 Verendum-angl
1969 340 2051 380 fler

423 403 677 444 Herrselwr
719 416 859 455 glegsen
907 403 1011 444 e‘lm:
1054 403 1173 445 Rette
1217 405 1305 445 (Ias
1346 405 1634 447 Konslauzer
1675 406 1839 449 Kouzil
1882 422 1937 450 :u
1983 409 2051 451 be-

423 474 643 515 scleefckvn.
711 473 981 527 Pevpigymm
1020 476 1134 515 1415
1166 475 1407 516 Dezemlwr
1438 478 1507 516 21.

392 554 624 589 Barcelomt.
652 554 902 588 Κνοηανσῖιίυ
931 555 1017 598 Regy.
1046 556 1140 589 2408
1157 556 1184 598 f.
1213 558 1269 590 18¹4.

394 639 712 680 Ferdinandus
747 642 834 681 etc.
869 639 1028 681 inclito
1069 643 1113 681 et
1156 642 1404 692 magnifico
1440 642 1645 684 Roberto
1681 644 1907 684 Seruuart
1948 645 2049 685 duci

274 710 467 751 Albanie
503 711 660 752 comiti
695 711 750 751 de
784 710 873 751 Fiff
903 713 950 751 et
984 711 1038 752 de
1070 712 1321 753 Menchech
1356 726 1409 754 ac
1443 714 1746 764 gubernatori
1780 715 1908 765 regni
1942 714 2051 756 Sco-

274 782 341 822 cie
388 813 395 821 .
432 813 439 821 .
477 814 483 822 .
528 782 835 833 Meminimus,
879 782 970 822 dux
1013 783 1183 833 inclite,
1228 785 1574 835 consanguinee
1617 785 1750 826 nobis
1794 786 2051 837 carissime,

273 853 522 903 scripsisse
548 853 679 893 vobis
708 853 955 904 quondam,
991 855 1054 904 ut,
1090 866 1193 893 cum
1227 854 1348 895 inter
1383 887 1389 895 .
1427 887 1434 895 .
1471 856 1544 895 .d.
1570 868 1753 907 papam,
1790 888 1796 895 .
1833 888 1840 895 .
1877 888 1884 896 .
1918 855 2049 897 Rom.

272 936 428 975 regem
463 926 511 965 et
544 936 628 965 nos
653 925 814 964 essent
848 926 1008 964 mutue
1043 924 1247 965 visiones
1283 926 1557 967 celebrande
1586 938 1725 977 super
1758 928 1971 967 tractatu
2005 928 2052 968 et

274 995 348 1036 via
388 995 544 1035 brevis
592 995 788 1045 unionis,
825 1027 831 1035 .
869 1027 875 1034 .
913 1027 920 1034 .
954 995 1191 1036 destinare
1236 997 1418 1037 velletis
1465 997 1816 1038 ambaxiatores
1863 999 2051 1039 vestros

274 1066 397 1107 actui
432 1066 695 1107 huiusmodi
738 1067 1102 1107 interventuros.
1169 1067 1226 1108 Et
1268 1059 1389 1119 ecce,
1432 1069 1538 1109 licet
1584 1071 1692 1119 post
1734 1069 1881 1109 multa
1921 1069 2051 1110 varia

271 1139 319 1178 et
354 1137 542 1178 diversa
576 1138 770 1178 consilia
798 1138 1063 1178 discussum
1098 1138 1276 1179 diucius
1311 1141 1359 1179 et
1394 1140 1663 1180 conclusum
1689 1140 1924 1191 extiteret,
1960 1140 2051 1181 dic-

273 1210 370 1249 tum
406 1209 445 1249 d.
482 1221 649 1259 papam
692 1209 789 1249 iure
823 1209 978 1249 divino
1012 1211 1060 1249 et
1093 1209 1295 1250 humano
1330 1210 1603 1251 renunciare
1646 1210 1812 1251 debere
1847 1223 1932 1252 suo
1967 1211 2051 1251 iuri

272 1282 473 1330 papatus
508 1292 590 1330 pro
631 1279 844 1320 habenda
879 1281 1046 1320 unione
1086 1280 1308 1332 predicta,
1349 1281 1469 1321 idem
1514 1281 1554 1321 d.
1591 1293 1802 1322 summus
1842 1281 2052 1332 pontifex

270 1351 372 1399 hoc,
416 1363 697 1401 quamquam
742 1351 899 1403 semel,
946 1350 1015 1391 bis
1059 1353 1105 1391 et
1151 1352 1221 1392 ter
1264 1363 1344 1402 per
1387 1352 1633 1393 universos
1677 1364 1759 1393 sue
1803 1352 2052 1394 obedience

271 1422 538 1473 requisitus,
573 1421 728 1463 facere
762 1422 1000 1463 recusavit
1023 1424 1070 1463 et
1103 1425 1306 1463 recusat.
1355 1423 1455 1473 Qua
1484 1423 1538 1464 de
1566 1435 1614 1464 re
1639 1435 1720 1474 pro
1754 1423 2050 1475 irrefragabi-

271 1493 298 1533 li
333 1493 459 1533 exitu
494 1493 613 1534 tanti
648 1493 754 1534 boni
790 1493 943 1544 operis
978 1494 1312 1535 concordatum
1349 1497 1396 1536 et
1431 1495 1712 1545 promissum
1755 1495 1913 1536 extitit
1946 1495 2049 1536 hinc

271 1564 388 1615 inde,
423 1565 545 1615 quod
570 1565 626 1606 ad
657 1565 959 1606 vocacionem
994 1565 1193 1606 fiendam
1230 1577 1311 1616 per
1345 1568 1658 1617 congregatos
1691 1566 1736 1606 in
1766 1565 2053 1607 Constancia

272 1638 497 1687 tanquam
530 1636 753 1677 maiorem
784 1639 966 1687 partem
993 1637 1353 1678 cln‘istianitatis
1382 1637 1442 1677 illi
1470 1638 1524 1678 de
1552 1638 1814 1679 huiusmodi
1839 1638 2051 1679 obedien-

273 1707 343 1748 cia
369 1707 652 1748 conveniant
676 1720 778 1749 cum
803 1708 869 1749 eis
893 1709 937 1748 in
961 1720 1101 1749 unum
1128 1708 1370 1750 concilium
1399 1709 1616 1759 generale
1641 1709 1685 1749 in
1710 1708 1835 1750 dicta
1859 1709 2051 1750 civitate

274 1777 555 1820 Constancie
595 1791 677 1829 pro
720 1779 933 1820 habendo
978 1780 1112 1820 unico
1147 1782 1193 1820 et
1236 1780 1498 1821 indubitato
1535 1792 1717 1821 summo
1757 1780 1974 1831 pontifice
2007 1780 2051 1821 in

274 1850 473 1891 ecclesia
507 1852 675 1891 sancta
708 1850 803 1891 Dei.
868 1852 1165 1901 Quapropter
1200 1851 1599 1902 magnificenciam
1636 1853 1845 1892 vestram
1884 1854 1934 1892 ut
1967 1852 2052 1892 viri

274 1921 489 1962 catholici
530 1924 577 1962 et
611 1922 792 1962 unionis
827 1921 1022 1963 ecclesie
1057 1921 1219 1962 obtimi
1253 1923 1486 1963 zelatores
1521 1922 1779 1963 affectuose
1813 1935 2049 1974 rogamus,

274 1994 518 2043 quatenus,
554 1994 603 2033 ut
644 2005 732 2043 pax
768 1993 1016 2043 tranquilla
1060 1993 1212 2033 tocius
1248 1993 1609 2034 christianitatis
1653 1995 1844 2044 propter
1878 1994 2052 2034 scisma

274 2063 545 2113 pestiferum
581 2066 649 2104 tot
689 2064 858 2104 seculis
894 2064 1142 2115 labefacta,
1186 2076 1272 2114 que
1307 2066 1507 2105 vocante
1551 2064 1706 2105 divina
1740 2065 1898 2115 gracia
1931 2076 2051 2106 nunc

272 2135 315 2174 iu
351 2134 564 2175 manibus
600 2146 758 2185 regum
795 2137 838 2175 et
876 2135 1131 2185 principum
1168 2135 1293 2175 orbis
1334 2138 1456 2175 terre
1492 2135 1721 2176 cultorum
1756 2135 1859 2175 fidei
1894 2135 2051 2176 ortho-

272 2205 390 2246 doxe
425 2206 656 2256 consistit,
699 2206 798 2246 evis
832 2206 1011 2246 nostris
1056 2206 1259 2257 pullulet,
1295 2209 1505 2257 tempore
1540 2206 1810 2248 vocacionis
1846 2206 2050 2257 predicte

270 2276 404 2317 vobis
439 2289 519 2327 per
553 2276 737 2317 litteras
763 2277 1045 2318 Constancie
1079 2277 1337 2318 intimando
1372 2277 1526 2318 velitis
1561 2277 1619 2318 ad
1647 2278 1796 2319 locum
1834 2278 2050 2319 determi-

270 2349 447 2396 natum,
483 2350 533 2388 ut
575 2349 623 2388 et
655 2360 741 2388 nos
782 2350 829 2388 et
864 2348 937 2388 alii
972 2348 1109 2389 istius
1150 2348 1428 2399 obediencie,
1462 2349 1649 2389 mittere
1694 2349 1910 2390 solennes
1946 2362 2049 2389 ora-

271 2421 399 2459 tores
436 2421 623 2460 vestros
649 2419 784 2469 plena
815 2432 954 2470 super
976 2420 1048 2460 his
1083 2422 1324 2470 potestate
1348 2420 1537 2461 fulcitos
1572 2421 1620 2461 et
1644 2420 1849 2471 prelatos
1883 2420 2049 2470 guber-

269 2490 479 2530 nacionis
522 2492 569 2530 et
603 2490 789 2530 dominii
826 2491 971 2531 vestri
1006 2491 1173 2531 ibidem
1208 2491 1362 2532 facere
1398 2491 1628 2532 iuteresse
1661 2493 1709 2531 et
1742 2491 1926 2531 interim
1962 2490 2050 2530 eis-

270 2561 370 2601 dem
408 2561 624 2609 scribere,
659 2562 781 2612 quod
815 2574 864 2602 se
900 2564 1077 2612 parent,
1112 2564 1161 2602 ut
1198 2562 1446 2603 convocati
1481 2562 1538 2603 ad
1572 2563 1723 2603 locum
1760 2561 1939 2602 concilii
1970 2574 2047 2602 va-

270 2631 397 2672 leant
430 2644 521 2672 uua
553 2644 655 2673 cum
691 2633 860 2673 ceteris
896 2633 1143 2673 convenire
1179 2665 1186 2673 .
1213 2665 1220 2672 .
1247 2664 1254 2672 .
1289 2633 1394 2674 Dat.
1420 2633 1680 2683 Perpiniani
1717 2664 1723 2672 .
1751 2665 1758 2673 .
1785 2664 1792 2672 .
1828 2632 1898 2673 die
1932 2632 2047 2672 XXI.

268 2702 539 2743 Decembris
575 2734 582 2742 .
620 2735 626 2742 .
663 2736 670 2743 .
707 2703 744 2742 M
783 2703 926 2745 CCCC
962 2703 1044 2743 XV
1080 2704 1248 2745 Paulus
1283 2705 1582 2745 secretarius.

269 2852 389 2906 (214)
420 2852 681 2905 (Kardc'nal
726 2856 890 2898 Petrus
934 2872 966 2898 s.
1003 2857 1244 2899 Eustachii
1289 2871 1355 2899 (111
1400 2857 1453 2898 Κ.
1501 2856 1823 2906 Ferdc'mmd):
1867 2856 2048 2898 Frefescde

418 2926 529 2967 aber
560 2926 826 2980 Bes-sermm
857 2928 1006 2969 seinos
1049 2927 1322 2981 Refiizdens;
1366 2930 1490 2969 scine
1539 2928 1666 2970 Llebc
1710 2941 1815 2969 zum
1848 2927 2048 2968 Fn'eden

417 2998 518 3038 med
561 3010 644 3038 ew·
695 2997 866 3038 11111011.-
909 2998 983 3039 die
1027 2998 1313 3051 Drolemegyen
1358 3000 1440 3040 der
1486 2999 1760 3051 Gesandtcn,
1807 2999 1881 3040 (lie
1924 2997 2046 3038 uach

421 3066 756 3122 Tragyode‘cnaff
807 3068 895 3109 das
942 3068 1122 3111 Hectore
1169 3070 1273 3112 dem-
1323 3068 1584 3124 Traurigyen
1635 3069 2041 3119 contuse-cleich-ten,
