2178 3404
311 126 397 167 354
709 135 752 168 ΙΙ.
779 133 998 168 Abschnitt.
1050 134 1200 175 Gregor
1225 133 1305 166 XII.
1333 134 1410 166 und
1439 133 1508 167 das
1536 133 1684 167 Konzil.

429 256 483 284 eo
529 244 708 284 exultet
752 243 912 293 religio
964 242 1219 283 christiana
1264 243 1307 282 in
1354 243 1537 283 vinculo
1584 244 1798 285 Caritatis
1844 247 1891 285 et
1936 245 2064 295 pacis

430 315 485 355 Et
521 315 671 365 ipsum
706 325 979 364 germanum
1021 316 1151 354 tuum
1198 314 1242 353 in
1276 313 1404 354 brevi
1451 316 1499 354 et
1545 314 1866 356 desideranter
1899 318 2080 366 presto-

430 384 627 436 la1nur,⁵¹)
670 384 743 435 qui
786 396 872 425 nos
916 386 963 425 et
1006 386 1051 425 te
1094 385 1240 425 lacius
1286 383 1569 425 informabit.
1603 385 1773 427 Datum
1818 387 1861 426 in
1905 387 2081 427 Monte-

429 456 592 497 ssorum
619 455 703 496 sub
731 456 881 496 nostri
909 456 1216 506 impressione
1246 456 1414 506 signeti
1439 456 1509 496 die
1532 456 1629 496 XX.
1652 457 1757 498 Julii
1789 456 2081 508 Mt¹t¹t¹c¹Xx2

429 526 677 567 indictione
712 526 824 566 VIII.

488 609 526 648 A
561 611 716 659 tergo:
752 608 996 660 Magnifice
1021 610 1060 650 d.
1085 610 1342 651 honorabili
1372 609 1463 651 filio
1489 610 1732 652 carissimo
1757 611 2005 651 Malateste
2029 611 2083 651 de

431 680 694 721 Malatestis
729 680 904 721 Cesene
938 692 1020 731 pro
1068 683 1234 722 sancta
1268 681 1480 723 Romana
1519 682 1716 723 ecclesia
1761 682 1805 722 in
1851 684 2084 732 tempora-

430 751 548 791 libus
604 752 776 792 vicario
830 751 1138 793 miseracione
1191 752 1345 793 divina
1400 753 1604 804 Angelus
1660 756 1823 794 sancte
1876 752 2085 794 Romane

431 822 626 863 ecclesie
661 823 922 864 cardinalis.

432 905 657 946 Letanlini
692 917 802 955 ergo
837 906 879 946 in
905 906 1103 947 Domino
1128 909 1175 947 et
1199 907 1407 947 exultate
1431 908 1541 947 iusti
1566 909 1614 947 et
1637 907 1897 957 gloriamini
1923 919 2086 948 omnes

311 976 425 1016 recti
461 972 648 1027 cordest)
682 977 898 1027 quoniam
925 977 1123 1018 vidimus
1149 978 1459 1030 sacerdotem,
1495 978 1569 1028 qui
1593 978 1637 1017 in
1667 978 1827 1018 diebus
1852 978 2087 1019 iracundie

313 1043 392 1099 [et]
425 1047 731 1088 dissensionis
766 1059 937 1098 magna
970 1047 1125 1089 factus
1151 1050 1224 1088 est
1258 1044 1633 1099 reconciliacio.2)
1680 1048 1796 1089 Nam
1822 1060 1983 1099 pacem
2008 1061 2088 1099 per

312 1118 394 1158 Dei
428 1118 740 1169 graciaimque
774 1119 817 1158 in
853 1130 906 1160 00
941 1121 1059 1170 erat,
1094 1119 1290 1160 ecclesie
1325 1122 1489 1161 sancte
1524 1119 1650 1160 dedit
1684 1122 1730 1160 et
1764 1119 2087 1160 adversarium

312 1189 479 1230 nedum
514 1189 685 1229 invitat
720 1189 875 1241 verbo,
912 1192 985 1231 set
1018 1190 1164 1231 trahit
1188 1191 1441 1241 exemplari
1466 1190 1649 1241 effectu,
1678 1190 1751 1241 qui
1777 1190 1953 1241 pariter
1983 1202 2088 1231 con-

312 1260 475 1311 fundit,
510 1272 596 1310 que
629 1260 765 1300 nimis
799 1260 935 1301 hodie
960 1262 1089 1312 viget
1122 1264 1170 1302 et
1203 1261 1362 1311 efficit,
1397 1261 1717 1303 ambicionem.
1770 1260 1985 1302 Ceterum
2012 1293 2019 1301 .
2047 1293 2054 1301 .
2081 1293 2088 1301 .

312 1331 655 1381 portiunculam
680 1331 848 1381 littere7
883 1344 970 1383 que
1005 1333 1061 1373 ad
1095 1345 1262 1373 manus
1286 1333 1500 1383 pervenit
1523 1342 1667 1384 1110113,
1693 1332 1981 1383 transmitto,
2011 1365 2019 1373 .
2046 1364 2054 1372 .
2081 1365 2088 1373 .

314 1403 365 1442 ut
399 1401 555 1442 valeat
598 1414 785 1443 sacrum
831 1402 1000 1444 librare
1047 1404 1306 1455 concilium,
1353 1404 1486 1455 quale
1532 1404 1765 1445 evomitur
1810 1405 1953 1455 1111113,
2000 1416 2090 1455 quo

312 1484 403 1512 non
454 1472 602 1513 solmn
653 1473 797 1514 occidi
847 1474 1055 1524 queritur
1102 1474 1232 1527 fides,
1282 1487 1368 1526 que
1416 1475 1528 1516 data
1577 1477 1647 1516 031
1697 1488 1723 1516 11
1767 1475 1922 1527 nobis,
1969 1507 1976 1515 .
2025 1507 2032 1515 .
2080 1508 2088 1516 .

313 1554 472 1583 verum
531 1555 588 1583 110
646 1544 796 1594 quivis
854 1545 975 1585 alter
1032 1545 1086 1586 (10
1147 1546 1459 1596 promissione
1520 1548 1652 1587 tante
1711 1546 1874 1598 synodi
1934 1541 2089 1598 [confi-

312 1609 443 1666 dat‘?]
491 1616 537 1655 et
583 1614 750 1655 Petrus
796 1616 895 1666 ipse
942 1616 996 1656 de
1032 1617 1158 1657 Luna
1204 1616 1415 1658 officioso
1463 1617 1671 1668 queritur
1719 1629 1896 1658 veneno
1941 1619 1989 1658 et
2033 1630 2090 1658 ne

313 1684 557 1735 quisquam
605 1685 756 1727 taleas
804 1687 958 1728 solvat
1003 1688 1047 1727 in
1093 1699 1184 1728 non
1230 1697 1424 1738 parvam
1473 1690 1637 1729 sancte
1681 1688 1848 1728 matris
1894 1689 2089 1729 ecclesie

314 1756 471 1795 status
505 1755 806 1798 debilitatem.
871 1757 1017 1798 Huius
1059 1759 1336 1809 scriptorem
1371 1770 1462 1799 non
1496 1759 1674 1810 ignoro,
1717 1759 1825 1800 licet
1866 1759 2089 1811 nesciam,

314 1826 351 1865 si
386 1835 412 1866 11
455 1828 711 1878 semetipso
745 1829 840 1869 ista
873 1829 1041 1870 dixerit
1077 1841 1133 1870 an
1168 1829 1224 1871 ab
1260 1830 1362 1871 alio.
1428 1830 1581 1871 Partis
1615 1842 1728 1871 vero
1767 1830 1922 1871 littere
1956 1832 2091 1872 tenor

312 1896 384 1937 hic
419 1900 518 1938 est:

493 1979 667 2022 Factus
702 1984 775 2022 est
810 1982 996 2032 legatus
1030 1983 1074 2022 in
1110 1983 1328 2024 Marchia.
1393 1983 1490 2034 Que
1537 1995 1612 2024 res
1655 1982 1869 2025 omnibus
1916 1983 2088 2024 Italicis

309 2069 327 2083 ο
434 2047 555 2101 11103)
590 2052 827 2093 stantibus
862 2056 934 2093 est
971 2053 1104 2094 valde
1148 2054 1433 2105 displicibilis
1480 2056 1526 2094 et
1571 2054 1786 2095 molesta.
1851 2054 1908 2095 Et
1952 2066 2089 2095 nemo

432 2124 519 2173 est,
554 2134 686 2173 quem
724 2123 905 2164 videam
942 2126 1229 2176 contentum,
1265 2125 1479 2175 quoniam
1532 2127 1580 2165 et
1628 2126 1685 2166 ad
1734 2125 1940 2176 regimen
1990 2128 2087 2167 tam

432 2192 742 2243 spiritualium
789 2203 925 2245 quam
973 2196 1301 2246 temporalium
1350 2196 1419 2236 sui
1466 2198 1514 2236 et
1559 2196 1694 2237 alieni
1739 2198 1979 2237 testantur
2023 2197 2088 2237 in-

432 2262 644 2304 habilem.
710 2265 768 2305 Et
801 2264 857 2306 ob
891 2265 978 2306 hoc
1014 2266 1255 2306 concilium
1292 2267 1451 2318 voluit,
1486 2267 1607 2317 quod
1640 2267 1801 2318 vigore
1834 2268 2087 2318 legacionis

431 2334 582 2375 nullas
612 2335 823 2386 imponat
857 2336 1022 2387 taleas,
1056 2337 1206 2377 nullas
1241 2337 1387 2378 eciam
1422 2339 1588 2388 gentes
1624 2339 1785 2378 teneat
1815 2339 2087 2388 armigeras.

431 2405 497 2446 De
531 2418 620 2457 quo
655 2407 718 2447 sit
759 2408 920 2447 vestra
963 2407 1224 2449 dominacio
1259 2408 1458 2459 avisata,
1493 2408 1613 2459 quod
1656 2409 1699 2448 in
1746 2407 1888 2459 brevi,
1935 2409 2086 2459 credo,

433 2476 603 2517 clarius
638 2477 872 2519 sencietis.
938 2478 1027 2519 Sed
1061 2475 1221 2520 creato
1256 2491 1378 2520 novo
1411 2478 1629 2530 pontifice
1664 2490 1804 2529 super
1834 2479 1923 2519 hiis
1965 2478 2087 2519 forte

432 2547 559 2587 varie
593 2547 879 2599 disponetur.

433 2629 688 2680 Propterea
740 2632 847 2672 novi
903 2632 1137 2673 dominum
1193 2631 1418 2674 Cremone
1473 2633 1721 2683 scripsisse
1768 2632 1982 2673 Veneciis
2036 2644 2086 2672 se

313 2699 533 2740 habuisse
580 2712 660 2750 per
704 2701 889 2742 litteras
934 2702 1148 2754 fidedigni
1195 2716 1221 2744 a
1267 2702 1549 2745 (J'onstancia
1596 2705 1809 2744 sanctam
1858 2703 2085 2755 synodum

315 2770 616 2811 serenissimo
651 2771 966 2813 Romanorum
1003 2774 1099 2823 regi
1132 2774 1320 2814 lanceas
1355 2775 1476 2815 mille
1517 2774 1790 2825 promisisse
1827 2785 1876 2814 se
1912 2773 2084 2814 exhibi-

314 2842 468 2881 turam
504 2843 668 2882 sancte
702 2843 896 2883 ecclesie
930 2844 1167 2895 impensis,
1202 2856 1318 2895 quas
1352 2856 1437 2895 ego
1472 2845 1788 2886 conducturus
1822 2853 1963 2885 eram.
2029 2843 2085 2884 Et

433 2978 463 3010 a)
485 2978 532 3005 Hs
554 2978 737 3010 prestolam
761 2978 932 3005 babemus.

436 3038 459 3071 ¹)
486 3039 549 3072 Ps.
575 3040 630 3082 31,
659 3041 712 3073 11.
742 3059 783 3061 ξ
813 3041 840 3068 “-”
866 3041 977 3075 Eccle'.
1006 3043 1061 3083 44,
1090 3043 1143 3074 17.
1173 3061 1213 3063 ζ
1243 3042 1269 3073 ³)
1296 3042 1339 3075 I).
1369 3042 1402 3075 h.
1433 3044 1472 3076 ιή
1501 3042 1714 3076 Koustcmz.
