2178 3404
119 177 183 227 Ε..
210 193 400 227 Benedikt
420 193 517 226 XIII.
546 205 580 226 u.
608 193 642 226 d.
670 193 805 226 Kouzil
834 203 867 226 v.
897 193 930 225 d.
956 192 1209 225 Subtraktiou
1237 191 1295 225 bis
1323 202 1353 224 z.
1373 191 1488 225 Wahl
1518 192 1682 225 Martius
1704 192 1746 224 V.
1803 183 1883 224 581

119 302 390 351 cardinales
424 301 721 352 respondent,
771 301 905 352 quod,
955 301 1225 351 inquantum
1277 300 1513 351 predictus
1559 301 1888 341 serenissimus

117 373 330 414 dominus
364 384 445 413 rex
485 384 534 414 se
575 373 717 414 refert
754 372 811 413 ad
851 372 1183 421 requisiciones
1224 383 1279 411 ex
1320 374 1452 422 parte
1494 383 1575 412 sue
1616 371 1888 412 serenitatis

118 444 291 484 eisdem
332 443 643 484 cardinalibus
684 442 853 493 factas,
892 442 1011 481 idem
1054 441 1314 482 cardinales
1348 454 1398 482 se
1439 442 1643 482 referunt
1686 441 1743 483 ad
1777 454 1890 482 suas

116 515 448 565 responsiones
491 514 630 555 datas
673 511 1058 563 requisicionibus
1093 512 1406 562 supradictis'
1431 513 1475 552 in
1510 512 1674 563 quibus
1709 524 1759 553 se
1794 524 1890 553 cre-

118 585 233 626 dunt
265 586 386 626 iuste
426 588 471 626 et
506 584 854 626 racionabiliter
892 582 1205 633 respondisse,
1241 583 1494 624 secundum
1535 583 1656 633 quod
1695 583 1888 624 decebat

118 658 282 697 sancte
324 655 532 697 Romane
575 655 771 696 ecclesie
815 653 1088 695 cardinales
1159 653 1206 693 ln
1249 656 1473 704 quantum
1517 665 1628 694 vero
1672 653 1726 694 de
1768 666 1890 694 novo

119 726 303 767 additur
343 727 388 766 in
430 726 738 778 requisicione
782 725 945 766 ultimo
988 726 1278 774 presentata.
1322 724 1444 774 quod
1486 724 1679 775 predicti
1720 724 1890 765 domini

119 797 379 838 cardinales
414 797 663 848 dignentur
696 796 859 837 statim
892 795 1114 836 accedere
1148 794 1457 845 personaliter
1490 795 1562 835 vel
1587 795 1754 835 saltem
1789 807 1891 845 pro-

119 870 365 909 curatores
400 867 687 909 sufficientes
723 866 1047 908 transmittere
1078 865 1135 906 ad
1170 866 1585 916 congregacionem
1613 864 1892 907 Constancie

119 938 177 978 ad
200 938 516 990 tractandum,
542 937 931 979 consenciendum
951 938 995 977 et
1022 936 1377 977 assenciendum
1399 936 1574 986 pariter
1598 938 1641 976 et
1662 937 1891 986 agendum

119 1021 223 1050 cuin
246 1008 414 1049 ibidem
440 1009 738 1060 congregatis
763 1012 865 1059 etc„
895 1007 1088 1058 predicti
1113 1007 1285 1047 domini
1311 1006 1570 1047 cardinales
1596 1007 1893 1058 respondent,

119 1079 239 1130 quod
272 1079 330 1120 ad
363 1080 621 1130 predictam
657 1079 1075 1129 congregacionem
1115 1089 1207 1118 non
1242 1079 1443 1128 possunt
1481 1077 1547 1118 ire
1585 1089 1669 1118 nec
1710 1078 1890 1118 debent.

118 1149 216 1191 Hoc
259 1150 380 1191 enim
423 1152 551 1191 esset
595 1150 660 1191 eis
705 1149 942 1190 stantibus
986 1149 1198 1189 terminis
1244 1147 1542 1199 impossibile,
1586 1148 1804 1189 indecens
1848 1152 1890 1189 et

120 1221 305 1271 penitus
339 1221 630 1272 vilipensum.
680 1220 795 1261 Nam
831 1219 1062 1270 quomodo
1096 1220 1198 1271 ipsi⁷
1234 1219 1307 1270 qui
1343 1222 1453 1259 sunt
1487 1221 1650 1259 sancte
1685 1218 1893 1260 Romane

119 1291 314 1332 ecclesie
354 1291 613 1333 cardinales
653 1292 739 1332 sub
774 1290 1042 1332 obediencia.
1077 1290 1187 1331 dicti
1228 1290 1268 1330 d.
1309 1301 1350 1330 n.
1391 1301 1508 1340 pape
1550 1292 1894 1341 permanentes,

118 1362 183 1402 ire
216 1364 413 1412 possent
453 1363 510 1403 ad
545 1362 961 1414 congregacionem
996 1362 1193 1412 illorunn
1235 1361 1310 1411 qui
1344 1364 1452 1401 sunt
1494 1360 1687 1411 predicti
1723 1360 1893 1401 domini

118 1433 269 1473 nostri
303 1434 351 1474 et
383 1435 548 1474 sancte
571 1433 780 1474 Romane
814 1433 1009 1474 ecclesie
1044 1432 1303 1473 adversarii
1337 1430 1576 1472 manifesti
1609 1434 1653 1472 et
1679 1443 1760 1482 pro
1797 1432 1894 1472 suis

118 1504 317 1544 notoriis
341 1504 613 1545 excessibus
648 1516 730 1555 per
756 1504 930 1544 dictum
966 1503 1203 1543 dominum
1227 1504 1443 1543 nostrum
1478 1502 1734 1543 scismatici
1769 1504 1816 1542 et
1839 1502 1894 1542 de

118 1574 327 1616 heretica
349 1575 585 1625 pravitate
611 1575 818 1624 suspecti
854 1573 1031 1625 publice
1065 1576 1111 1614 et
1136 1573 1292 1624 sepius
1327 1573 1565 1624 declarati,
1601 1585 1704 1614 cum
1729 1573 1894 1623 quibus

119 1645 164 1685 in
198 1656 284 1686 sua
316 1645 565 1687 rebellione
599 1645 876 1686 durantibus
902 1645 1248 1686 communicare
1281 1656 1373 1685 non
1407 1656 1548 1695 posse
1571 1644 1699 1684 viros
1735 1644 1894 1685 catho-

118 1715 233 1756 licos
266 1716 496 1768 ignorare,
530 1717 604 1767 qui
644 1719 917 1758 sanctorum
953 1719 1138 1767 patrum
1174 1716 1364 1756 decreta
1395 1715 1561 1756 viderit
1604 1717 1648 1755 et
1683 1715 1894 1766 exempla

120 1786 372 1838 didiscelit,
405 1798 497 1828 non
521 1790 693 1839 potest,
727 1799 888 1828 verum
915 1783 1109 1839 [eciamL
1138 1798 1239 1828 cum
1270 1788 1459 1827 constet
1481 1786 1606 1837 regie
1639 1786 1893 1837 maiestati,

119 1857 241 1908 quod
272 1857 469 1908 predicti
509 1859 782 1910 congregati
817 1858 1097 1900 Constant-ie
1131 1869 1223 1898 non
1257 1858 1407 1899 solum
1441 1858 1485 1897 in
1526 1869 1612 1898 sua
1644 1857 1892 1898 rebellione

119 1928 385 1980 perdurent,
419 1931 493 1970 set
517 1930 665 1970 eciam
701 1930 921 1970 studeant
946 1929 1267 1979 multiplicatis
1301 1928 1575 1970 excessibus
1598 1928 1777 1978 priores
1812 1928 1892 1968 ini-

119 1999 326 2050 quitates
350 2000 485 2041 valde
519 2000 867 2051 transcendere„
902 2002 953 2041 ut
976 2002 1105 2051 patet
1134 2000 1282 2040 eciam
1316 2011 1372 2040 ex
1396 2011 1557 2040 eorum
1592 1999 1761 2040 litteris
1796 2001 1890 2040 tam

118 2069 339 2120 predictis
381 2071 693 2112 cardinalibus
734 2083 871 2122 quam
913 2071 1014 2111 aliis
1054 2071 1246 2122 prelatis
1287 2070 1504 2121 Ispanie
1544 2070 1809 2111 destinatis
1849 2071 1893 2110 in

121 2141 286 2191 quibus
311 2153 361 2182 se
385 2142 578 2193 iactant⁷
602 2144 825 2193 tanquam
852 2142 972 2193 apud
996 2153 1077 2183 eos
1103 2142 1163 2182 sit
1189 2142 1445 2192 potestatis
1469 2141 1719 2192 plenitudQ
1748 2141 1894 2181 refor-

120 2213 334 2253 maturos
367 2213 613 2254 ecclesiam
650 2215 744 2254 tam
782 2214 826 2253 in
862 2213 1013 2264 capite
1049 2225 1185 2264 quam
1217 2213 1261 2253 in
1295 2212 1516 2253 membris
1550 2214 1597 2253 et
1631 2211 1893 2252 deiecturos

119 2283 471 2324 sanctissimum
505 2284 546 2325 d.
580 2296 622 2324 n.
656 2296 824 2335 papam
859 2286 906 2324 et
941 2284 998 2324 ad
1041 2284 1250 2335 predicta
1284 2286 1332 2324 et
1366 2283 1455 2323 alia
1489 2282 1751 2324 faciendum
1787 2293 1894 2322 con-

120 2357 351 2396 vocarunt
395 2355 632 2406 predictos
678 2355 718 2395 d.
766 2355 1026 2396 cardinales
1073 2356 1121 2395 et
1166 2354 1374 2405 prelatos
1420 2354 1537 2395 alios
1581 2352 1894 2403 supradictos.

119 2503 239 2558 (251)
269 2506 355 2547 Die
388 2506 652 2548 Gescmdtcn
682 2505 738 2548 K.
767 2507 982 2548 Johamzs
1013 2519 1100 2548 ‘ron
1131 2505 1363 2548 Kos-tillem
1395 2518 1459 2547 cm
1491 2505 1715 2547 Bonosum
1737 2504 1869 2545 XIII.
1887 2520 1898 2545 .·

266 2576 343 2618 Da
376 2591 424 2618 er
455 2578 548 2630 stuf
575 2578 649 2618 (lie
681 2576 957 2629 Forderungy
989 2578 1068 2618 des
1100 2577 1278 2630 Kandys
1310 2577 1433 2619 ¹nicht
1467 2576 1665 2629 cingella
1705 2575 1895 2617 benach-

267 2648 491 2701 rc'chte'gyen
523 2649 588 2689 sie
623 2649 716 2700 ihu,
750 2648 846 2700 (Ιαβ
876 2650 942 2690 sie
977 2651 1026 2691 ιή
1052 2648 1290 2690 Kotes-{aux
1321 2649 1395 2690 die
1430 2649 1479 2689 ιἰι
1510 2646 1759 2688 Narbonne
1789 2647 1895 2699 fest-

267 2719 451 2772 gyesetzte
502 2718 999 2773 Obode'etesentze'chungy
1055 2720 1315 2761 ccrlse'tmlcn
1370 2720 1470 2760 und
1517 2719 1614 2760 sich
1662 2719 1742 2758 anet
1793 2718 1897 2758 dem

269 2788 433 2831 Kouze'l
479 2802 562 2831 zur
615 2790 752 2831 IValel
801 2791 924 2831 cine&
970 2803 1119 2832 neuen
1163 2789 1357 2843 Papstcs
1407 2789 1652 2831 verbanden
1700 2788 1893 2829 werden.

269 2858 405 2911 (1417
435 2860 661 2912 Januar.)
678 2858 710 2906 ¹)
1689 2850 1692 2853 Ι

245 2929 350 2970 Hom,
387 2929 509 2964 Vatik.
537 2929 646 2964 Bibl..
679 2929 768 2964 Cod.
794 2929 1005 2964 Barberini
1032 2929 1132 2964 XVI
1155 2931 1199 2963 78
1223 2929 1252 2972 f.
1278 2930 1334 2964 96.

241 3034 265 3078 ¹)
292 3035 357 3069 Da
393 3036 455 3069 (lie
485 3034 787 3077 Gesctndtsclmft
821 3046 862 3068 so
890 3034 1004 3077 lange
1030 3034 1136 3069 bleibt
1166 3036 1250 3069 um(
1278 3035 1360 3069 dies
1385 3035 1486 3068 wohl
1514 3035 1582 3068 der
1608 3034 1712 3067 letzte
1737 3033 1810 3067 Ake
1838 3034 1894 3067 isi·

121 3092 231 3128 kann
256 3103 336 3127 mm·
363 3094 432 3128 cler
457 3094 620 3128 ,Ιαιιιιαν
653 3095 693 3128 in
721 3094 903 3128 Betraclet
928 3093 1114 3128 lcommen.
