2178 3404
268 168 352 208 602
627 175 688 208 III.
716 174 934 207 Abschnitt.
987 173 1179 206 Benedikt
1207 173 1305 205 XIII.
1334 173 1413 205 und
1440 173 1510 206 (Ias
1538 173 1687 206 Konzil.

267 286 446 326 veritas
480 287 523 325 et
560 284 732 333 haberi,
767 283 927 323 eadem
965 283 1198 323 sanctitas
1231 283 1411 323 nunciis
1447 284 1495 322 et
1528 283 1909 332 procuratoribus
1944 284 2041 324 suis

270 358 351 396 aut
386 356 485 396 aliis
521 355 671 404 magis
706 353 791 393 sibi
815 353 917 393 fidis
942 353 1155 403 personis
1181 365 1298 393 onus
1332 352 1588 403 inquirendi
1611 354 1657 392 et
1692 354 1865 394 sciendi
1888 354 2043 394 liuius—

268 426 389 466 modi
425 425 669 465 veritatem
709 426 871 474 posset
910 424 1147 474 imponere
1181 426 1225 464 et
1262 423 1535 464 mandatum
1570 423 1694 473 dare,
1737 424 1872 475 quod7
1916 424 1953 464 si
1988 425 2042 465 de

266 496 452 536 defectu
507 495 737 535 libertatis
793 495 1050 545 constaret7
1106 494 1164 534 ad
1219 494 1441 534 ulteriora
1491 493 1676 543 procedi
1727 506 1818 535 non
1868 497 2043 546 posset,

267 569 402 617 prout
450 578 529 617 per
575 566 834 607 cardinales
881 567 1117 617 predictos
1165 569 1322 607 vestre
1373 565 1617 606 sanctitati
1665 566 1835 617 pluries
1885 567 2043 608 extitit

268 638 505 678 humiliter
538 637 864 687 supplicatum.

388 719 457 760 Ad
476 719 727 760 secundam
749 722 906 760 autem
924 721 1329 771 supplicacionein,
1347 719 1589 760 consilium
1609 722 1656 760 et
1675 720 2044 771 requisicionem⁷

268 791 482 831 videlicet
515 791 569 831 de
604 791 804 831 tenendo
829 803 968 832 unam
993 793 1041 832 et
1068 791 1236 841 plures,
1272 791 1309 830 si
1334 791 1587 842 expediret,
1623 793 1782 831 tenere
1806 791 2044 831 sessiones

269 861 448 902 concilii
482 861 714 911 generalis
749 864 851 913 etc.7
888 862 1158 902 beatissime
1192 864 1338 911 pater,
1381 861 1491 902 dicti
1527 861 1788 902 cardinales
1831 862 2043 912 sequenti

266 933 364 972 zelo
399 934 446 972 et
480 932 665 972 racione
706 934 968 973 moventur.
1034 932 1297 972 Attendunt
1342 933 1477 983 enim,
1519 932 1640 982 quod
1680 932 1921 982 signanter
1961 944 2043 983 pro

266 1003 354 1043 hac
390 1015 534 1043 causa
569 1005 731 1043 vestra
764 1003 998 1044 sanctitas
1038 1003 1253 1053 generale
1295 1003 1539 1043 concilium
1583 1003 1704 1054 apud
1745 1003 1895 1053 ipsam
1937 1015 2043 1044 con-

266 1074 448 1114 tinuare
490 1073 709 1125 decernit¹7
757 1076 895 1125 prout
942 1075 1243 1115 continuatur
1277 1074 1334 1114 ad
1380 1085 1587 1124 presens
1636 1074 1850 1115 videlicet
1898 1076 1960 1125 ut,
2007 1075 2044 1115 si

266 1145 389 1186 circa
422 1145 666 1195 negocium
704 1145 884 1185 unionis
920 1145 1072 1195 aliqua
1105 1145 1304 1185 instaret
1346 1145 1623 1196 necessitas,
1666 1147 1718 1185 ut
1751 1145 1806 1185 de
1840 1145 2045 1195 presenti

264 1216 448 1256 notorie
483 1216 643 1267 instat7
679 1216 934 1256 remedium
967 1216 1199 1266 generalis
1226 1216 1403 1257 concilii
1441 1216 1498 1256 ad
1524 1216 1890 1256 subveniendum
1915 1218 2044 1256 esset

265 1287 309 1326 in
359 1288 590 1337 promptu.
669 1286 933 1327 Attendunt
978 1287 1139 1337 eciam,
1189 1287 1461 1327 beatissime
1507 1289 1655 1337 pater,
1708 1287 1830 1337 quod
1876 1299 2046 1338 inagna

265 1357 474 1407 negocia,
518 1357 561 1396 in
606 1358 771 1407 quibus
816 1358 1093 1398 universalis
1129 1358 1324 1399 ecclesie
1359 1360 1517 1398 status
1554 1360 1783 1409 versatur,
1827 1358 1882 1398 de
1916 1369 2046 1398 more

268 1428 463 1468 ecclesie
498 1428 541 1467 in
575 1428 779 1479 generali
815 1429 1009 1469 concilio
1045 1429 1369 1479 terminantur,
1404 1430 1451 1469 et
1484 1440 1540 1469 ne
1565 1430 1750 1469 remota
1775 1430 1857 1469 aut
1880 1429 2045 1479 imper-

268 1499 469 1539 tinencia
510 1502 766 1550 querantur
805 1500 1031 1550 exempla7
1075 1499 1323 1540 attendunt
1368 1502 1414 1540 et
1456 1500 1630 1551 vident⁷
1674 1500 1796 1551 quod
1839 1500 2045 1551 praticas

269 1572 479 1610 statutas
530 1583 556 1610 a
604 1570 701 1610 iure
748 1582 889 1620 super
933 1570 1176 1611 ellectione
1223 1570 1419 1611 Romani
1465 1570 1697 1621 pontificis
1743 1572 1830 1622 ipsi
1877 1572 2045 1612 sunlnii

268 1640 510 1691 pontifices
545 1642 588 1681 in
623 1641 917 1691 generalibus
953 1641 1158 1682 conciliis
1192 1641 1450 1693 ediderunt,
1486 1644 1536 1682 ut
1569 1654 1651 1692 per
1683 1643 1831 1683 multa
1856 1644 2046 1683 constat

268 1711 383 1762 iura⁷
418 1723 504 1762 que
550 1712 594 1751 in
641 1712 898 1752 canonibus
947 1712 1095 1752 sacris
1141 1711 1386 1752 habentur.
1464 1712 1534 1752 An
1581 1714 1737 1753 autem
1783 1713 1827 1752 in
1874 1712 2045 1753 talibus

267 1783 487 1833 negociis,
522 1795 608 1833 que
655 1783 697 1822 in
731 1782 1027 1833 generalibus
1063 1783 1268 1824 conciliis
1305 1783 1617 1824 terminantur
1662 1783 1716 1824 de
1758 1784 2046 1824 necessitate

268 1855 350 1893 aut
383 1853 437 1893 de
472 1853 687 1903 honestQ
723 1854 906 1904 oppinio
942 1854 1087 1895 solius
1122 1866 1238 1904 pape
1263 1855 1496 1905 oppinioni
1531 1855 1724 1906 concilii⁷
1749 1856 1831 1894 aut
1861 1855 2044 1905 ‹⁷›ppinio

268 1924 446 1964 concilii
482 1924 714 1975 oppinioni
762 1925 906 1965 solius
953 1937 1069 1975 pape
1115 1925 1177 1965 sit
1220 1924 1508 1976 preferenda7
1555 1926 1718 1966 maiori
1765 1926 2044 1967 discussioni

268 1995 494 2045 relinqunt
523 1996 632 2036 dicti
658 1996 931 2036 cardinales.
978 1996 1075 2037 Hoc
1101 1999 1257 2037 tamen
1283 1997 1451 2048 sciunt⁷
1479 1997 1601 2047 quod
1625 1997 1785 2038 eadem
1812 1997 2045 2038 sanctitas

267 2065 310 2104 in
335 2067 653 2116 respmisione.
689 2079 824 2117 quam
860 2067 968 2108 fecit
995 2068 1210 2108 citacioni
1247 2067 1331 2107 sibi
1366 2067 1491 2108 facte
1520 2080 1601 2118 per
1625 2060 2041 2118 congregacionem
2072 2096 2075 2098 -

268 2137 699 2181 t'onstamiensem.
744 2150 1030 2188 quecumque
1073 2139 1197 2179 (licta
1232 2141 1276 2179 et
1322 2139 1529 2190 dicenda7
1574 2139 1702 2180 facta
1736 2141 1780 2179 et
1819 2138 2044 2189 facienda⁷

267 2208 443 2258 scripta
478 2210 525 2248 et
560 2209 819 2256 scribenda„
861 2209 1039 2249 credita
1072 2212 1116 2249 et
1154 2209 1400 2261 credenda7
1434 2211 1574 2251 docta
1614 2212 1661 2250 et
1694 2210 1903 2250 docenda
1937 2209 2043 2250 sub-

267 2279 373 2319 iecit
404 2279 706 2329 subiectaque
730 2292 836 2320 esse
861 2280 1007 2320 voluit
1032 2281 1308 2321 correctioni
1335 2282 1381 2321 et
1406 2281 1786 2321 determinacioni
1816 2280 2043 2321 catholice

266 2350 461 2390 ecclesie
487 2352 807 2401 sawosancte,
832 2363 918 2401 que
942 2351 1121 2401 quidem
1145 2351 1396 2392 submissio
1418 2352 1543 2392 dicta
1567 2363 1751 2402 semper
1776 2351 2043 2391 reverencia

266 2421 423 2460 humili
458 2422 736 2471 precedente
770 2433 861 2462 non
896 2423 1197 2473 restringitur
1231 2423 1288 2463 ad
1322 2435 1377 2463 ea
1413 2426 1610 2463 tantum.
1646 2435 1732 2473 que
1766 2423 1824 2462 ad
1849 2422 2040 2462 creduli-

267 2494 414 2531 tatem
449 2494 497 2532 et
530 2492 869 2543 professionem
906 2505 1014 2533 vere
1048 2493 1152 2534 fidei
1187 2494 1431 2544 pertinent„
1476 2496 1526 2534 ut
1561 2496 1736 2544 vestra,
1772 2492 2042 2533 beatissime

268 2564 414 2613 pater,
450 2562 585 2603 insert
624 2564 883 2615 responsio,
918 2566 989 2604 set
1026 2565 1170 2604 eciam
1216 2576 1271 2604 ea
1319 2565 1658 2615 complectitur7
1694 2576 1779 2614 que
1826 2563 2041 2603 unionem

266 2633 517 2683 respiciunt>
554 2636 601 2673 et
634 2634 859 2684 effugiunt
895 2635 1069 2675 scisma
1094 2638 1142 2675 et
1165 2635 1405 2675 scismatis
1430 2635 1697 2675 fautoriam.
1760 2634 1897 2675 Dicta
1920 2633 2038 2673 enim

267 2703 531 2755 submissio,
568 2704 840 2745 beatissime
866 2708 1012 2757 pater,
1045 2706 1211 2746 nedum
1238 2706 1366 2747 facta
1390 2706 1477 2747 fuit
1511 2706 1569 2746 ad
1593 2705 1929 2746 defendendum
1955 2715 2039 2743 vos

200 2799 205 2801 -
266 2776 322 2816 ab
357 2775 522 2825 heresi,
567 2782 635 2816 set
673 2776 820 2816 eciam
856 2789 881 2816 a
917 2777 1140 2817 scismate
1174 2779 1222 2817 et
1255 2777 1493 2817 scismatis
1528 2777 1746 2828 fautoria,
1787 2777 1924 2826 prout
1958 2775 2040 2815 hec

267 2846 434 2896 liquide
469 2849 691 2887 constant
714 2847 756 2886 in
783 2848 1060 2887 auctenticis
1086 2847 1393 2888 documentis.
1460 2847 1517 2888 Et
1541 2847 1616 2888 ubi
1640 2848 1764 2888 dicta
1788 2847 2039 2887 submissio

267 2919 450 2957 tantum
488 2917 543 2957 ad
568 2929 636 2965 ea„
661 2929 747 2967 que
774 2918 830 2957 ad
854 2918 989 2958 fidem
1016 2918 1265 2969 pertinent⁷
1291 2917 1558 2970 referretm‘,
1584 2919 1865 2968 oppinantur
1894 2918 2039 2968 multi,

267 2987 538 3028 beatissime
572 2990 718 3039 pater7
754 2989 874 3039 quod
898 2989 1072 3029 dictum
1107 2989 1352 3039 negocium
1386 2989 1568 3029 unionis
1593 2989 1651 3029 ad
1678 2989 1811 3029 fidem
1839 2989 2039 3039 pertinet

267 3060 313 3098 et
347 3058 468 3108 quod
502 3070 557 3099 ex
592 3059 691 3099 eius
726 3062 921 3109 ruptura
955 3061 1053 3101 sive
1089 3060 1145 3101 ob
1181 3060 1267 3101 loci
1301 3059 1581 3101 discordiam
1609 3060 1708 3101 sive
1733 3060 1790 3101 ob
1825 3060 2037 3111 quamvis

942 3236 954 3253 Ι
