2178 3404
688 182 837 214 l'rotest
869 182 935 213 der
963 181 1247 220 aragonisclien
1278 181 1515 213 (lesandten.
1905 172 1988 210 (563

342 291 493 331 Primo
528 303 619 330 non
655 294 849 341 apparet
884 286 959 341 [in]
996 289 1157 329 cedula
1191 289 1514 339 suprascripta
1547 290 1721 329 tradita
1752 301 1832 338 pro
1860 292 1990 338 parte

222 363 426 412 ipsorum
463 361 762 401 cardinalium
799 372 937 410 super
971 360 1195 399 electione
1232 360 1397 399 summi
1435 359 1665 408 pontilicis
1690 360 1733 399 in
1765 360 1990 408 proximo,

222 433 261 472 si
294 431 455 471 Deitas
490 434 666 472 annuat
699 431 912 471 facienda
936 430 1116 480 aliquod
1156 431 1333 469 tactum
1361 430 1428 469 vel
1455 431 1737 470 somniatum
1765 430 1819 469 de
1850 430 1990 469 certis

222 502 437 553 capitulis
471 502 593 541 datis
628 502 842 541 Narbone
890 513 972 550 per
1017 500 1386 540 ambassiatores
1421 501 1610 539 concilii
1645 503 1692 539 et
1738 500 1901 540 iuratis
1948 500 1990 539 in

222 573 430 613 favorem
467 573 648 612 unionis
682 574 729 612 et
764 574 812 611 ut
847 572 902 611 ad
946 571 1138 611 eandem
1184 570 1243 609 illi
1286 570 1340 609 de
1385 571 1653 611 obediencia
1688 571 1732 611 Ι).
1767 571 1822 610 de
1867 570 1990 610 Luna

221 644 374 685 acrius
409 643 670 684 alliciantur
703 644 749 683 et
782 642 915 682 nobis
951 641 1181 681 uniantur.

220 796 340 847 (268)
371 795 542 837 Ptole-sl
573 796 655 835 der
686 795 1025 847 aragyonisclwn
1055 794 1315 834 (s'‹¹.s·(oecllm
1346 808 1484 845 ll‘'!l‘'¹‘
1519 795 1592 833 «liv
1630 794 1879 835 l'ormilmw
1911 795 1993 834 ‘lm-

366 866 635 918 Papstwalel
668 865 811 907 durch
853 866 926 905 ‹lc'e
960 863 1225 904 lsai-(limile
1252 865 1468 904 Aolmmaes
1512 866 1609 905 med
1643 866 1838 917 (Ji-essars
1879 866 1992 905 olam·

367 937 633 989 Zuzielczmzy
665 937 747 977 (ἴεν
779 935 1042 976 Μιιτῖίηᾶίιε
1074 934 1332 975 Jtmmca'ms.
1402 937 1537 978 (1417
1567 935 1734 986 clarui&

338 1019 471 1059 Paris,
496 1018 589 1051 Ribl.
623 1018 830 1051 Natiotmlc
861 1017 942 1050 Lat.
974 1017 1062 1049 1450
1087 1016 1114 1058 f.
1143 1016 1259 1049 44:312.

338 1091 721 1131 Protcstaciimes
754 1090 878 1130 facte
914 1102 993 1140 per
1027 1088 1376 1129 ambaxiatores
1411 1089 1534 1139 regis
1577 1090 1842 1139 Aragonum
1886 1103 1991 1130 con—

222 1165 296 1202 tra
329 1161 602 1202 cardinales.

341 1232 450 1272 (fl'um
486 1232 543 1272 ad
578 1232 785 1272 auditum
822 1234 1060 1271 oratorum
1097 1231 1382 1270 serenissimi
1413 1232 1459 1269 et
1489 1231 1790 1270 illustrissimi
1821 1231 1990 1270 domini

220 1303 344 1353 regis
380 1303 672 1351 Arragonum
708 1305 755 1342 et
790 1302 939 1342 Sicilie
974 1304 1061 1341 etc.
1096 1301 1168 1341 hic
1202 1301 1491 1350 presencium
1529 1302 1712 1341 noviter
1735 1302 1790 1341 sil
1827 1302 1992 1341 ‹haluc—

222 1376 334 1423 tum,
353 1373 473 1424 quod
500 1386 582 1413 vos
607 1373 982 1413 reverendissimi
1009 1377 1167 1422 patres
1187 1372 1356 1412 domini
1378 1372 1638 1412 cardinales
1659 1373 1762 1412 olim
1787 1373 1991 1423 Gregorii

220 1448 268 1485 et
301 1445 407 1485 olim
440 1445 682 1496 doluimus,
717 1445 789 1494 qui
825 1444 941 1483 estis
967 1445 1210 1493 presentes
1236 1443 1276 1482 in
1305 1443 1496 1483 civitate
1521 1443 1814 1493 (¹onstancie7
1846 1444 1991 1483 inten-

222 1515 332 1555 ditis
367 1517 415 1555 et
457 1527 540 1555 vos
588 1515 850 1565 preparatis
897 1515 953 1554 ad
999 1514 1271 1554 electionem
1324 1513 1466 1553 futuri
1516 1513 1711 1554 Romani
1761 1514 1992 1564 pontificis

220 1585 479 1626 faciendam
516 1598 598 1635 per
632 1598 716 1626 vos
751 1586 848 1625 sine
884 1585 1168 1625 auctoritate
1202 1587 1248 1624 et
1283 1596 1515 1623 consensu
1551 1585 1672 1624 sacri
1715 1585 1992 1625 universalis

222 1657 399 1697 concilii
433 1669 489 1696 ex
524 1657 738 1696 omnibus
775 1656 921 1696 tribus
955 1655 1235 1695 olwdienciis
1271 1655 1374 1695 olim
1403 1655 1648 1705 compositi
1675 1658 1722 1695 et
1755 1655 1990 1705 integrali,

224 1728 345 1778 quod
378 1728 415 1768 si
451 1727 583 1767 fieret
618 1727 755 1767 modo
790 1727 990 1777 previso7
1026 1726 1146 1776 quod
1172 1725 1309 1776 absit,
1336 1725 1521 1765 cederet
1547 1726 1588 1764 in
1615 1738 1830 1775 magnum
1858 1738 1991 1766 scan-

221 1798 375 1838 dalum
409 1801 457 1839 et
492 1798 741 1849 periculum
777 1798 883 1837 novi
920 1797 1159 1837 scismatis
1200 1809 1253 1837 ac
1302 1796 1499 1836 recidive
1546 1797 1751 1836 scissure
1798 1797 1992 1837 ecclesie

221 1868 317 1920 Dei,
350 1881 456 1909 nam
493 1881 595 1909 cum
630 1869 702 1908 hic
736 1881 826 1909 non
863 1869 956 1908 sint
990 1868 1250 1908 cardinales
1285 1879 1367 1907 nec
1403 1867 1642 1915 collegium
1693 1867 1990 1907 cardinalium

222 1939 327 1979 olim
364 1940 599 1979 Benedicti
635 1939 994 1989 obedienciaque
1028 1939 1135 1979 dicti
1172 1938 1279 1977 olim
1316 1938 1549 1977 Benedicti
1586 1950 1676 1978 non
1725 1940 1995 1988 acceptaret

221 2022 369 2060 neque
394 2013 557 2060 posset
582 2012 829 2060 acceptare
855 2009 993 2049 talem
1027 2009 1314 2053 electionffln,
1349 2008 1435 2047 nisi
1468 2009 1633 2048 saltem
1662 2008 1788 2058 prius
1813 2008 1995 2048 ordina-

222 2083 320 2121 tum
355 2080 495 2121 fuerit
530 2092 610 2131 per
649 2080 821 2120 dictum
860 2092 1043 2119 sacrum
1093 2079 1335 2119 concilium
1383 2081 1426 2118 et
1476 2078 1713 2118 decretum
1765 2091 1903 2119 voces
1949 2082 1991 2118 et

223 2152 553 2191 auctoritatem
592 2151 820 2191 dictorum
858 2150 1158 2190 cardinalium
1195 2150 1303 2190 dicti
1339 2151 1445 2190 olim
1476 2149 1708 2189 Benedicti
1734 2149 1790 2188 ad
1821 2149 1992 2189 dictum

223 2233 409 2262 sacrum
445 2222 687 2263 concilium
725 2222 792 2262 vel
829 2221 885 2261 ad
921 2221 1056 2261 alium
1094 2233 1199 2260 esse
1234 2221 1481 2261 devolutas
1519 2220 1586 2260 vel
1623 2219 1789 2259 debere
1813 2220 1993 2259 devolvi

224 2292 295 2332 vel
330 2292 446 2333 alias
482 2293 721 2333 ordinaret
755 2304 893 2342 super
927 2292 1018 2331 isto
1055 2292 1227 2342 taliter,
1262 2292 1381 2342 quod
1409 2291 1668 2331 auct‹r›i·itas
1694 2290 1992 2330 cardinalium

224 2363 431 2412 proxime
465 2363 586 2403 dicte
621 2363 886 2403 obediencie
920 2365 1050 2402 esset
1084 2363 1299 2412 suppleta
1335 2363 1402 2401 vel
1449 2361 1623 2411 repleta
1665 2363 1745 2400 aut
1787 2361 1901 2400 alias
1941 2361 1996 2400 de

224 2444 279 2472 ea
311 2433 470 2473 habita
505 2434 630 2474 racio
667 2434 795 2473 iuxta
830 2433 1031 2483 capitula
1081 2432 1432 2473 Narbonnencia
1478 2434 1525 2471 et
1570 2433 1772 2471 mentem
1821 2443 1995 2481 eorum,

224 2505 271 2543 et
305 2503 411 2544 licet
455 2516 545 2544 non
592 2504 653 2544 sit
701 2504 1012 2543 verisimiliter
1059 2503 1353 2554 credendum,
1394 2503 1515 2553 qumi
1551 2514 1635 2542 vos
1683 2504 1778 2541 tam
1825 2514 1995 2549 graves

227 2577 413 2624 tamque
466 2574 840 2615 reverendissimi
894 2577 939 2613 cl
989 2574 1334 2623 prudentissimi
1391 2576 1548 2623 patres
1601 2573 1713 2613 talia
1764 2573 1829 2612 ila
1883 2572 1996 2622 peri-

226 2644 386 2684 culosa
420 2645 733 2695 temptaretis‚
775 2647 932 2684 tamen
982 2644 1146 2694 prefati
1195 2647 1425 2694 ‹iratores7
1469 2643 1695 2684 habentes
1745 2643 1992 2692 specialem

225 2715 580 2755 instructionem
628 2718 673 2755 et
720 2715 990 2755 mandatum
1043 2714 1208 2765 prefati
1258 2714 1542 2754 serenissimi
1598 2727 1651 2754 ac
1696 2713 1996 2753 illustrissimi

226 2785 348 2835 regis
383 2785 452 2824 sui
490 2786 736 2835 prenotati7
772 2785 1035 2835 supplicant
1070 2798 1108 2835 p.
1147 2798 1185 2824 v.
1222 2785 1502 2825 coniunctim
1540 2787 1586 2824 et
1616 2784 1797 2823 divisim
1833 2787 1879 2823 el,
1913 2796 1995 2823 eas

224 2858 496 2895 reverenter
537 2857 790 2906 requirunt,
837 2856 1068 2906 quatem'is
1104 2855 1160 2895 ad
1204 2855 1343 2894 talem
1393 2855 1665 2895 electimwm
1716 2856 1762 2893 et
1810 2853 1993 2893 modum

225 2926 465 2966 electionis
491 2927 753 2966 nullatenus
780 2926 1044 2976 procedatis
1067 2925 1134 2965 vel
1163 2925 1456 2975 attemptetis
1484 2925 1745 2974 procedere.
1772 2924 1996 2973 Alioquin,

226 2996 263 3035 si
299 2997 583 3036 contrarium
619 2996 763 3045 fieret,
799 2996 919 3046 quod
966 3007 1056 3035 non
1104 2995 1311 3045 credunt7
1359 2996 1684 3045 protestantur
1729 2993 1996 3033 reverencia

228 3067 439 3117 repetita,
475 3067 593 3118 quod
629 3079 718 3107 non
756 3066 1071 3115 cousenciunl,
1118 3078 1274 3117 ymmo
1314 3065 1615 3115 dissenciunt7
1663 3064 1775 3104 totis
1823 3062 1995 3103 viribus
