<?xml version="1.0" encoding="UTF-8"?>
<!DOCTYPE html PUBLIC "-//W3C//DTD XHTML 1.0 Transitional//EN"
    "http://www.w3.org/TR/xhtml1/DTD/xhtml1-transitional.dtd">
<html xmlns="http://www.w3.org/1999/xhtml" xml:lang="en" lang="en">
 <head>
  <title>
</title>
<meta http-equiv="Content-Type" content="text/html;charset=utf-8" />
  <meta name='ocr-system' content='tesseract 3.04.00' />
  <meta name='ocr-capabilities' content='ocr_page ocr_carea ocr_par ocr_line ocrx_word'/>
</head>
<body>
  <div class='ocr_page' id='page_1' title='image "./actaconciliicons03counuoft_0479.png"; bbox 0 0 2178 3404; ppageno 0'>
   <div class='ocr_carea' id='block_1_1' title="bbox 605 152 1932 203">
    <p class='ocr_par' dir='ltr' id='par_1_1' title="bbox 605 152 1932 203">
     <span class='ocr_line' id='line_1_1' title="bbox 605 152 1932 203; baseline 0 -10"><span class='ocrx_word' id='word_1_1' title='bbox 605 162 643 193; x_wconf 60' lang='grc' dir='ltr'>(ἲ.</span> <span class='ocrx_word' id='word_1_2' title='bbox 695 161 763 193; x_wconf 66' lang='lat' dir='ltr'>Dio</span> <span class='ocrx_word' id='word_1_3' title='bbox 792 160 1121 203; x_wconf 67' lang='lat' dir='ltr'>Vcrhaudlungcn</span> <span class='ocrx_word' id='word_1_4' title='bbox 1152 171 1225 193; x_wconf 89' lang='lat' dir='ltr'>von</span> <span class='ocrx_word' id='word_1_5' title='bbox 1255 159 1488 201; x_wconf 66' lang='lat' dir='ltr'>l&#39;crpignan,</span> <span class='ocrx_word' id='word_1_6' title='bbox 1847 152 1932 193; x_wconf 68' lang='lat'>457</span> 
     </span>
    </p>
   </div>
   <div class='ocr_carea' id='block_1_2' title="bbox 157 269 1934 885">
    <p class='ocr_par' dir='ltr' id='par_1_2' title="bbox 157 269 1934 885">
     <span class='ocr_line' id='line_1_2' title="bbox 166 269 1934 321; baseline -0.001 -10"><span class='ocrx_word' id='word_1_7' title='bbox 166 271 318 321; x_wconf 76' lang='lat' dir='ltr'>aliqui,</span> <span class='ocrx_word' id='word_1_8' title='bbox 352 270 546 321; x_wconf 88' lang='lat' dir='ltr'>possitis</span> <span class='ocrx_word' id='word_1_9' title='bbox 581 269 700 309; x_wconf 88' lang='lat' dir='ltr'>bono</span> <span class='ocrx_word' id='word_1_10' title='bbox 736 269 872 309; x_wconf 81' lang='lat' dir='ltr'>modo</span> <span class='ocrx_word' id='word_1_11' title='bbox 908 281 1008 309; x_wconf 90' lang='lat' dir='ltr'>cum</span> <span class='ocrx_word' id='word_1_12' title='bbox 1045 269 1246 309; x_wconf 85' lang='lat' dir='ltr'>veritate</span> <span class='ocrx_word' id='word_1_13' title='bbox 1281 269 1561 319; x_wconf 79' lang='lat' dir='ltr'>respondere</span> <span class='ocrx_word' id='word_1_14' title='bbox 1601 271 1642 308; x_wconf 88' lang='lat' dir='ltr'>et</span> <span class='ocrx_word' id='word_1_15' title='bbox 1682 269 1934 310; x_wconf 74' lang='lat' dir='ltr'>informare</span> 
     </span>
     <span class='ocr_line' id='line_1_3' title="bbox 161 339 1933 391; baseline -0.001 -10"><span class='ocrx_word' id='word_1_16' title='bbox 161 341 202 381; x_wconf 88' lang='grc'>(1.</span> <span class='ocrx_word' id='word_1_17' title='bbox 237 341 444 391; x_wconf 84' lang='lat' dir='ltr'>reginam</span> <span class='ocrx_word' id='word_1_18' title='bbox 479 352 562 380; x_wconf 89' lang='lat' dir='ltr'>nec</span> <span class='ocrx_word' id='word_1_19' title='bbox 599 341 796 389; x_wconf 79' lang='lat' dir='ltr'>possunt</span> <span class='ocrx_word' id='word_1_20' title='bbox 831 339 995 389; x_wconf 72' lang='lat' dir='ltr'>‹lice-re,</span> <span class='ocrx_word' id='word_1_21' title='bbox 1031 339 1152 388; x_wconf 82' lang='lat' dir='ltr'>quod</span> <span class='ocrx_word' id='word_1_22' title='bbox 1185 351 1274 379; x_wconf 92' lang='lat' dir='ltr'>non</span> <span class='ocrx_word' id='word_1_23' title='bbox 1311 341 1601 389; x_wconf 67' lang='lat' dir='ltr'>cognoscant</span> <span class='ocrx_word' id='word_1_24' title='bbox 1635 340 1703 379; x_wconf 74' lang='lat' dir='ltr'>vel</span> <span class='ocrx_word' id='word_1_25' title='bbox 1737 352 1933 389; x_wconf 82' lang='lat' dir='ltr'>cognos-</span> 
     </span>
     <span class='ocr_line' id='line_1_4' title="bbox 158 410 1932 460; baseline -0.002 -8"><span class='ocrx_word' id='word_1_26' title='bbox 158 413 317 452; x_wconf 89' lang='lat' dir='ltr'>cerent</span> <span class='ocrx_word' id='word_1_27' title='bbox 350 411 524 450; x_wconf 88' lang='lat' dir='ltr'>dictum</span> <span class='ocrx_word' id='word_1_28' title='bbox 559 410 934 460; x_wconf 66' lang='lat' dir='ltr'>gubernatorenn</span> <span class='ocrx_word' id='word_1_29' title='bbox 970 421 1070 449; x_wconf 89' lang='lat' dir='ltr'>cum</span> <span class='ocrx_word' id='word_1_30' title='bbox 1107 414 1265 449; x_wconf 81' lang='lat' dir='ltr'>esseut</span> <span class='ocrx_word' id='word_1_31' title='bbox 1303 410 1437 450; x_wconf 88' lang='lat' dir='ltr'>vicini</span> <span class='ocrx_word' id='word_1_32' title='bbox 1478 410 1561 459; x_wconf 57' lang='lat' dir='ltr'>suh</span> <span class='ocrx_word' id='word_1_33' title='bbox 1608 410 1932 450; x_wconf 72' lang='lat' dir='ltr'>nichilominus</span> 
     </span>
     <span class='ocr_line' id='line_1_5' title="bbox 159 480 1932 531; baseline -0.001 -10"><span class='ocrx_word' id='word_1_34' title='bbox 159 481 368 521; x_wconf 86' lang='lat' dir='ltr'>viderent</span> <span class='ocrx_word' id='word_1_35' title='bbox 401 481 550 531; x_wconf 90' lang='lat' dir='ltr'>ipsum</span> <span class='ocrx_word' id='word_1_36' title='bbox 572 480 757 529; x_wconf 55' lang='lat' dir='ltr'>‚cotidie</span> <span class='ocrx_word' id='word_1_37' title='bbox 791 480 1079 530; x_wconf 73' lang='lat' dir='ltr'>equitantem</span> <span class='ocrx_word' id='word_1_38' title='bbox 1115 482 1162 519; x_wconf 86' lang='lat' dir='ltr'>et</span> <span class='ocrx_word' id='word_1_39' title='bbox 1197 480 1348 519; x_wconf 87' lang='lat' dir='ltr'>villam</span> <span class='ocrx_word' id='word_1_40' title='bbox 1387 480 1768 520; x_wconf 80' lang='lat' dir='ltr'>circumdantem.</span> <span class='ocrx_word' id='word_1_41' title='bbox 1832 480 1932 520; x_wconf 85' lang='lat' dir='ltr'>Non</span> 
     </span>
     <span class='ocr_line' id='line_1_6' title="bbox 160 549 1932 601; baseline 0.001 -9"><span class='ocrx_word' id='word_1_42' title='bbox 160 551 376 592; x_wconf 83' lang='lat' dir='ltr'>deberem</span> <span class='ocrx_word' id='word_1_43' title='bbox 411 552 466 591; x_wconf 99' lang='grc'>(16</span> <span class='ocrx_word' id='word_1_44' title='bbox 499 551 569 590; x_wconf 94' lang='lat' dir='ltr'>his</span> <span class='ocrx_word' id='word_1_45' title='bbox 603 549 1054 601; x_wconf 85' lang='lat' dir='ltr'>particularitatibus</span> <span class='ocrx_word' id='word_1_46' title='bbox 1089 551 1137 590; x_wconf 89' lang='lat' dir='ltr'>et</span> <span class='ocrx_word' id='word_1_47' title='bbox 1181 551 1555 590; x_wconf 78' lang='lat' dir='ltr'>circumstanciis</span> <span class='ocrx_word' id='word_1_48' title='bbox 1602 551 1668 591; x_wconf 88' lang='lat' dir='ltr'>ita</span> <span class='ocrx_word' id='word_1_49' title='bbox 1714 551 1932 594; x_wconf 72' lang='lat' dir='ltr'>scribere.</span> 
     </span>
     <span class='ocr_line' id='line_1_7' title="bbox 157 619 1930 673; baseline -0.001 -10"><span class='ocrx_word' id='word_1_50' title='bbox 157 621 324 673; x_wconf 80' lang='lat' dir='ltr'>fateor,</span> <span class='ocrx_word' id='word_1_51' title='bbox 360 624 435 662; x_wconf 90' lang='lat' dir='ltr'>set</span> <span class='ocrx_word' id='word_1_52' title='bbox 468 621 511 661; x_wconf 86' lang='lat' dir='ltr'>id</span> <span class='ocrx_word' id='word_1_53' title='bbox 546 621 681 671; x_wconf 70' lang='lat' dir='ltr'>facio,</span> <span class='ocrx_word' id='word_1_54' title='bbox 716 622 768 661; x_wconf 90' lang='lat' dir='ltr'>ut</span> <span class='ocrx_word' id='word_1_55' title='bbox 803 619 936 661; x_wconf 86' lang='lat' dir='ltr'>vobis</span> <span class='ocrx_word' id='word_1_56' title='bbox 971 620 1125 660; x_wconf 89' lang='lat' dir='ltr'>omnia</span> <span class='ocrx_word' id='word_1_57' title='bbox 1159 622 1272 660; x_wconf 89' lang='lat' dir='ltr'>nota</span> <span class='ocrx_word' id='word_1_58' title='bbox 1295 620 1411 660; x_wconf 89' lang='lat' dir='ltr'>fiant</span> <span class='ocrx_word' id='word_1_59' title='bbox 1436 621 1713 661; x_wconf 73' lang='lat' dir='ltr'>minutatim.</span> <span class='ocrx_word' id='word_1_60' title='bbox 1755 622 1930 661; x_wconf 85' lang='lat' dir='ltr'>Nollem</span> 
     </span>
     <span class='ocr_line' id='line_1_8' title="bbox 158 691 1934 744; baseline -0.001 -11"><span class='ocrx_word' id='word_1_61' title='bbox 158 694 328 744; x_wconf 80' lang='lat' dir='ltr'>tamen,</span> <span class='ocrx_word' id='word_1_62' title='bbox 363 692 484 743; x_wconf 90' lang='lat' dir='ltr'>quod</span> <span class='ocrx_word' id='word_1_63' title='bbox 519 692 683 743; x_wconf 87' lang='lat' dir='ltr'>aliquis</span> <span class='ocrx_word' id='word_1_64' title='bbox 719 693 876 742; x_wconf 89' lang='lat' dir='ltr'>preter</span> <span class='ocrx_word' id='word_1_65' title='bbox 908 703 993 731; x_wconf 86' lang='lat' dir='ltr'>vos</span> <span class='ocrx_word' id='word_1_66' title='bbox 1028 691 1185 731; x_wconf 87' lang='lat' dir='ltr'>videat</span> <span class='ocrx_word' id='word_1_67' title='bbox 1220 694 1500 742; x_wconf 70' lang='lat' dir='ltr'>presentem,</span> <span class='ocrx_word' id='word_1_68' title='bbox 1536 704 1592 732; x_wconf 87' lang='lat' dir='ltr'>ne</span> <span class='ocrx_word' id='word_1_69' title='bbox 1626 693 1748 732; x_wconf 86' lang='lat' dir='ltr'>forte</span> <span class='ocrx_word' id='word_1_70' title='bbox 1776 693 1934 732; x_wconf 86' lang='lat' dir='ltr'>videar</span> 
     </span>
     <span class='ocr_line' id='line_1_9' title="bbox 158 761 1931 814; baseline 0 -11"><span class='ocrx_word' id='word_1_71' title='bbox 158 763 388 814; x_wconf 64' lang='lat' dir='ltr'>parcialis7</span> <span class='ocrx_word' id='word_1_72' title='bbox 423 763 544 814; x_wconf 86' lang='lat' dir='ltr'>quod</span> <span class='ocrx_word' id='word_1_73' title='bbox 579 762 702 803; x_wconf 89' lang='lat' dir='ltr'>absit</span> <span class='ocrx_word' id='word_1_74' title='bbox 735 763 823 802; x_wconf 89' lang='lat' dir='ltr'>etc.</span> <span class='ocrx_word' id='word_1_75' title='bbox 887 761 952 801; x_wconf 88' lang='lat' dir='ltr'>De</span> <span class='ocrx_word' id='word_1_76' title='bbox 986 761 1325 812; x_wconf 76' lang='lat' dir='ltr'>gubernatore:</span> <span class='ocrx_word' id='word_1_77' title='bbox 1360 774 1532 802; x_wconf 85' lang='lat' dir='ltr'>encara</span> <span class='ocrx_word' id='word_1_78' title='bbox 1566 774 1624 803; x_wconf 92' lang='lat' dir='ltr'>no</span> <span class='ocrx_word' id='word_1_79' title='bbox 1666 775 1715 803; x_wconf 89' lang='lat' dir='ltr'>es</span> <span class='ocrx_word' id='word_1_80' title='bbox 1760 763 1814 803; x_wconf 84' lang='lat' dir='ltr'>de</span> <span class='ocrx_word' id='word_1_81' title='bbox 1858 775 1931 803; x_wconf 87' lang='lat' dir='ltr'>so-</span> 
     </span>
     <span class='ocr_line' id='line_1_10' title="bbox 159 832 1520 885; baseline -0.001 -11"><span class='ocrx_word' id='word_1_82' title='bbox 159 834 318 885; x_wconf 77' lang='lat' dir='ltr'>spitat,</span> <span class='ocrx_word' id='word_1_83' title='bbox 354 846 437 874; x_wconf 89' lang='lat' dir='ltr'>ans</span> <span class='ocrx_word' id='word_1_84' title='bbox 472 834 499 873; x_wconf 94' lang='lat' dir='ltr'>li</span> <span class='ocrx_word' id='word_1_85' title='bbox 533 833 623 873; x_wconf 87' lang='lat' dir='ltr'>han</span> <span class='ocrx_word' id='word_1_86' title='bbox 659 834 754 872; x_wconf 89' lang='lat' dir='ltr'>tret</span> <span class='ocrx_word' id='word_1_87' title='bbox 787 844 925 872; x_wconf 88' lang='lat' dir='ltr'>ossos</span> <span class='ocrx_word' id='word_1_88' title='bbox 960 832 1031 872; x_wconf 91' lang='grc'><strong>(161</strong></span> <span class='ocrx_word' id='word_1_89' title='bbox 1066 844 1152 883; x_wconf 89' lang='lat' dir='ltr'>cap</span> <span class='ocrx_word' id='word_1_90' title='bbox 1185 834 1231 872; x_wconf 87' lang='lat' dir='ltr'>et</span> <span class='ocrx_word' id='word_1_91' title='bbox 1265 832 1520 883; x_wconf 88' lang='lat' dir='ltr'>esperillos.</span> 
     </span>
    </p>
   </div>
   <div class='ocr_carea' id='block_1_3' title="bbox 156 914 1934 1887">
    <p class='ocr_par' dir='ltr' id='par_1_3' title="bbox 156 914 1934 1887">
     <span class='ocr_line' id='line_1_11' title="bbox 277 914 1932 967; baseline -0.001 -10"><span class='ocrx_word' id='word_1_92' title='bbox 277 916 342 957; x_wconf 93' lang='lat' dir='ltr'>De</span> <span class='ocrx_word' id='word_1_93' title='bbox 375 917 658 967; x_wconf 74' lang='lat' dir='ltr'>imperatore</span> <span class='ocrx_word' id='word_1_94' title='bbox 693 916 847 955; x_wconf 89' lang='lat' dir='ltr'>autem</span> <span class='ocrx_word' id='word_1_95' title='bbox 883 916 959 955; x_wconf 91' lang='lat' dir='ltr'>est</span> <span class='ocrx_word' id='word_1_96' title='bbox 991 915 1071 965; x_wconf 71' lang='lat' dir='ltr'>ita,</span> <span class='ocrx_word' id='word_1_97' title='bbox 1106 914 1242 966; x_wconf 78' lang='lat' dir='ltr'>quod,</span> <span class='ocrx_word' id='word_1_98' title='bbox 1286 916 1534 965; x_wconf 79' lang='lat' dir='ltr'>postquam</span> <span class='ocrx_word' id='word_1_99' title='bbox 1579 927 1725 965; x_wconf 82' lang='lat' dir='ltr'>nuper</span> <span class='ocrx_word' id='word_1_100' title='bbox 1767 916 1932 966; x_wconf 80' lang='lat' dir='ltr'>scripsi</span> 
     </span>
     <span class='ocr_line' id='line_1_12' title="bbox 156 981 1931 1037; baseline -0.001 -9"><span class='ocrx_word' id='word_1_101' title='bbox 156 987 291 1028; x_wconf 88' lang='lat' dir='ltr'>vobis</span> <span class='ocrx_word' id='word_1_102' title='bbox 325 988 379 1027; x_wconf 88' lang='lat' dir='ltr'>de</span> <span class='ocrx_word' id='word_1_103' title='bbox 413 987 511 1028; x_wconf 89' lang='lat' dir='ltr'>eius</span> <span class='ocrx_word' id='word_1_104' title='bbox 546 981 811 1037; x_wconf 72' lang='lat' dir='ltr'>ingressu,¹)</span> <span class='ocrx_word' id='word_1_105' title='bbox 851 985 977 1026; x_wconf 93' lang='lat' dir='ltr'>venit</span> <span class='ocrx_word' id='word_1_106' title='bbox 1012 985 1069 1026; x_wconf 86' lang='lat' dir='ltr'>ad</span> <span class='ocrx_word' id='word_1_107' title='bbox 1114 987 1323 1026; x_wconf 79' lang='lat' dir='ltr'>castrum</span> <span class='ocrx_word' id='word_1_108' title='bbox 1370 988 1417 1026; x_wconf 91' lang='lat' dir='ltr'>et</span> <span class='ocrx_word' id='word_1_109' title='bbox 1459 986 1570 1026; x_wconf 86' lang='lat' dir='ltr'>fecit</span> <span class='ocrx_word' id='word_1_110' title='bbox 1615 987 1931 1026; x_wconf 78' lang='lat' dir='ltr'>reverenciam</span> 
     </span>
     <span class='ocr_line' id='line_1_13' title="bbox 157 1056 1931 1107; baseline -0.001 -8"><span class='ocrx_word' id='word_1_111' title='bbox 157 1058 343 1099; x_wconf 90' lang='lat' dir='ltr'>domino</span> <span class='ocrx_word' id='word_1_112' title='bbox 376 1059 541 1098; x_wconf 90' lang='lat' dir='ltr'>nostro</span> <span class='ocrx_word' id='word_1_113' title='bbox 576 1059 623 1097; x_wconf 90' lang='lat' dir='ltr'>et</span> <span class='ocrx_word' id='word_1_114' title='bbox 658 1057 899 1097; x_wconf 85' lang='lat' dir='ltr'>osculatus</span> <span class='ocrx_word' id='word_1_115' title='bbox 933 1058 1007 1097; x_wconf 88' lang='lat' dir='ltr'>est</span> <span class='ocrx_word' id='word_1_116' title='bbox 1041 1056 1112 1096; x_wconf 89' lang='lat' dir='ltr'>bis</span> <span class='ocrx_word' id='word_1_117' title='bbox 1145 1067 1312 1096; x_wconf 88' lang='lat' dir='ltr'>manus</span> <span class='ocrx_word' id='word_1_118' title='bbox 1348 1068 1464 1107; x_wconf 85' lang='lat' dir='ltr'>pape</span> <span class='ocrx_word' id='word_1_119' title='bbox 1511 1057 1674 1097; x_wconf 86' lang='lat' dir='ltr'>ambas</span> <span class='ocrx_word' id='word_1_120' title='bbox 1721 1059 1768 1097; x_wconf 93' lang='lat' dir='ltr'>et</span> <span class='ocrx_word' id='word_1_121' title='bbox 1814 1070 1931 1107; x_wconf 86' lang='lat' dir='ltr'>papa</span> 
     </span>
     <span class='ocr_line' id='line_1_14' title="bbox 157 1127 1932 1177; baseline -0.001 -8"><span class='ocrx_word' id='word_1_122' title='bbox 157 1140 261 1169; x_wconf 92' lang='lat' dir='ltr'>eum</span> <span class='ocrx_word' id='word_1_123' title='bbox 295 1129 339 1168; x_wconf 94' lang='lat' dir='ltr'>in</span> <span class='ocrx_word' id='word_1_124' title='bbox 379 1140 472 1169; x_wconf 91' lang='lat' dir='ltr'>ore.</span> <span class='ocrx_word' id='word_1_125' title='bbox 538 1128 699 1168; x_wconf 86' lang='lat' dir='ltr'>Locuti</span> <span class='ocrx_word' id='word_1_126' title='bbox 734 1129 843 1168; x_wconf 90' lang='lat' dir='ltr'>sunt</span> <span class='ocrx_word' id='word_1_127' title='bbox 878 1127 935 1167; x_wconf 88' lang='lat' dir='ltr'>ad</span> <span class='ocrx_word' id='word_1_128' title='bbox 968 1127 1165 1168; x_wconf 90' lang='lat' dir='ltr'>invicem</span> <span class='ocrx_word' id='word_1_129' title='bbox 1199 1127 1360 1177; x_wconf 74' lang='lat' dir='ltr'>multa,</span> <span class='ocrx_word' id='word_1_130' title='bbox 1403 1139 1489 1177; x_wconf 83' lang='lat' dir='ltr'>que</span> <span class='ocrx_word' id='word_1_131' title='bbox 1536 1127 1695 1168; x_wconf 83' lang='lat' dir='ltr'>laudes</span> <span class='ocrx_word' id='word_1_132' title='bbox 1745 1139 1932 1168; x_wconf 87' lang='lat' dir='ltr'>concer-</span> 
     </span>
     <span class='ocr_line' id='line_1_15' title="bbox 156 1197 1932 1249; baseline -0.001 -10"><span class='ocrx_word' id='word_1_133' title='bbox 156 1200 274 1239; x_wconf 84' lang='lat' dir='ltr'>nunt</span> <span class='ocrx_word' id='word_1_134' title='bbox 306 1199 562 1249; x_wconf 88' lang='lat' dir='ltr'>utriusque.</span> <span class='ocrx_word' id='word_1_135' title='bbox 624 1198 690 1238; x_wconf 93' lang='lat' dir='ltr'>De</span> <span class='ocrx_word' id='word_1_136' title='bbox 736 1200 844 1248; x_wconf 87' lang='lat' dir='ltr'>post</span> <span class='ocrx_word' id='word_1_137' title='bbox 883 1197 1098 1237; x_wconf 89' lang='lat' dir='ltr'>dominus</span> <span class='ocrx_word' id='word_1_138' title='bbox 1142 1199 1306 1237; x_wconf 86' lang='lat' dir='ltr'>noster</span> <span class='ocrx_word' id='word_1_139' title='bbox 1339 1198 1424 1237; x_wconf 86' lang='lat' dir='ltr'>ivit</span> <span class='ocrx_word' id='word_1_140' title='bbox 1470 1198 1527 1238; x_wconf 88' lang='lat' dir='ltr'>ad</span> <span class='ocrx_word' id='word_1_141' title='bbox 1561 1198 1845 1238; x_wconf 85' lang='lat' dir='ltr'>visitandum</span> <span class='ocrx_word' id='word_1_142' title='bbox 1892 1198 1932 1237; x_wconf 93' lang='grc'>(1.</span> 
     </span>
     <span class='ocr_line' id='line_1_16' title="bbox 157 1268 1932 1321; baseline 0 -13"><span class='ocrx_word' id='word_1_143' title='bbox 157 1280 328 1321; x_wconf 71' lang='lat' dir='ltr'>regem,</span> <span class='ocrx_word' id='word_1_144' title='bbox 363 1269 438 1320; x_wconf 90' lang='lat' dir='ltr'>qui</span> <span class='ocrx_word' id='word_1_145' title='bbox 471 1270 575 1309; x_wconf 90' lang='lat' dir='ltr'>erat</span> <span class='ocrx_word' id='word_1_146' title='bbox 609 1269 757 1310; x_wconf 89' lang='lat' dir='ltr'>adhuc</span> <span class='ocrx_word' id='word_1_147' title='bbox 791 1269 835 1308; x_wconf 91' lang='lat' dir='ltr'>in</span> <span class='ocrx_word' id='word_1_148' title='bbox 868 1268 989 1309; x_wconf 90' lang='lat' dir='ltr'>lecto</span> <span class='ocrx_word' id='word_1_149' title='bbox 1025 1270 1072 1308; x_wconf 89' lang='lat' dir='ltr'>et</span> <span class='ocrx_word' id='word_1_150' title='bbox 1105 1270 1179 1308; x_wconf 90' lang='lat' dir='ltr'>est</span> <span class='ocrx_word' id='word_1_151' title='bbox 1213 1268 1436 1319; x_wconf 69' lang='lat' dir='ltr'>infirmus,</span> <span class='ocrx_word' id='word_1_152' title='bbox 1470 1270 1517 1309; x_wconf 88' lang='lat' dir='ltr'>et</span> <span class='ocrx_word' id='word_1_153' title='bbox 1552 1269 1679 1309; x_wconf 87' lang='lat' dir='ltr'>venit</span> <span class='ocrx_word' id='word_1_154' title='bbox 1712 1269 1816 1309; x_wconf 86' lang='lat' dir='ltr'>illuc</span> <span class='ocrx_word' id='word_1_155' title='bbox 1841 1269 1932 1309; x_wconf 81' lang='lat' dir='ltr'>(lic-</span> 
     </span>
     <span class='ocr_line' id='line_1_17' title="bbox 159 1339 1932 1391; baseline -0.001 -11"><span class='ocrx_word' id='word_1_156' title='bbox 159 1341 234 1380; x_wconf 90' lang='lat' dir='ltr'>tus</span> <span class='ocrx_word' id='word_1_157' title='bbox 268 1340 536 1391; x_wconf 76' lang='lat' dir='ltr'>imperator,</span> <span class='ocrx_word' id='word_1_158' title='bbox 571 1340 644 1380; x_wconf 89' lang='lat' dir='ltr'>ubi</span> <span class='ocrx_word' id='word_1_159' title='bbox 680 1351 843 1380; x_wconf 89' lang='lat' dir='ltr'>omnes</span> <span class='ocrx_word' id='word_1_160' title='bbox 877 1340 974 1379; x_wconf 89' lang='lat' dir='ltr'>tres</span> <span class='ocrx_word' id='word_1_161' title='bbox 1010 1339 1157 1379; x_wconf 89' lang='lat' dir='ltr'>solum</span> <span class='ocrx_word' id='word_1_162' title='bbox 1193 1339 1333 1380; x_wconf 91' lang='lat' dir='ltr'>locuti</span> <span class='ocrx_word' id='word_1_163' title='bbox 1369 1339 1557 1380; x_wconf 87' lang='lat' dir='ltr'>fuerunt</span> <span class='ocrx_word' id='word_1_164' title='bbox 1581 1340 1638 1379; x_wconf 87' lang='lat' dir='ltr'>ad</span> <span class='ocrx_word' id='word_1_165' title='bbox 1664 1340 1845 1390; x_wconf 90' lang='lat' dir='ltr'>plenum</span> <span class='ocrx_word' id='word_1_166' title='bbox 1878 1340 1932 1379; x_wconf 87' lang='lat' dir='ltr'>de</span> 
     </span>
     <span class='ocr_line' id='line_1_18' title="bbox 158 1411 1932 1461; baseline -0.001 -10"><span class='ocrx_word' id='word_1_167' title='bbox 158 1411 367 1461; x_wconf 83' lang='lat' dir='ltr'>negociis</span> <span class='ocrx_word' id='word_1_168' title='bbox 401 1411 583 1452; x_wconf 88' lang='lat' dir='ltr'>unionis</span> <span class='ocrx_word' id='word_1_169' title='bbox 619 1422 699 1461; x_wconf 86' lang='lat' dir='ltr'>per</span> <span class='ocrx_word' id='word_1_170' title='bbox 732 1422 949 1461; x_wconf 87' lang='lat' dir='ltr'>magnam</span> <span class='ocrx_word' id='word_1_171' title='bbox 986 1422 1181 1460; x_wconf 85' lang='lat' dir='ltr'>pausam</span> <span class='ocrx_word' id='word_1_172' title='bbox 1206 1412 1254 1450; x_wconf 87' lang='lat' dir='ltr'>et</span> <span class='ocrx_word' id='word_1_173' title='bbox 1287 1422 1342 1450; x_wconf 80' lang='lat' dir='ltr'>ex</span> <span class='ocrx_word' id='word_1_174' title='bbox 1375 1412 1484 1460; x_wconf 90' lang='lat' dir='ltr'>post</span> <span class='ocrx_word' id='word_1_175' title='bbox 1518 1411 1786 1451; x_wconf 71' lang='lat' dir='ltr'>successive</span> <span class='ocrx_word' id='word_1_176' title='bbox 1810 1413 1932 1451; x_wconf 84' lang='lat' dir='ltr'>trac—</span> 
     </span>
     <span class='ocr_line' id='line_1_19' title="bbox 159 1480 1933 1532; baseline -0.002 -10"><span class='ocrx_word' id='word_1_177' title='bbox 159 1483 311 1522; x_wconf 87' lang='lat' dir='ltr'>tatum</span> <span class='ocrx_word' id='word_1_178' title='bbox 354 1484 426 1522; x_wconf 88' lang='lat' dir='ltr'>est</span> <span class='ocrx_word' id='word_1_179' title='bbox 470 1484 518 1522; x_wconf 93' lang='lat' dir='ltr'>et</span> <span class='ocrx_word' id='word_1_180' title='bbox 560 1482 797 1522; x_wconf 84' lang='lat' dir='ltr'>tractatur</span> <span class='ocrx_word' id='word_1_181' title='bbox 839 1480 893 1521; x_wconf 84' lang='lat' dir='ltr'>(le</span> <span class='ocrx_word' id='word_1_182' title='bbox 938 1481 1144 1532; x_wconf 80' lang='lat' dir='ltr'>negociis</span> <span class='ocrx_word' id='word_1_183' title='bbox 1188 1481 1301 1530; x_wconf 89' lang='lat' dir='ltr'>ipsis</span> <span class='ocrx_word' id='word_1_184' title='bbox 1352 1481 1558 1531; x_wconf 79' lang='lat' dir='ltr'>adusque</span> <span class='ocrx_word' id='word_1_185' title='bbox 1601 1481 1748 1521; x_wconf 82' lang='lat' dir='ltr'>hodie.</span> <span class='ocrx_word' id='word_1_186' title='bbox 1816 1480 1933 1521; x_wconf 79' lang='lat' dir='ltr'>Sunt</span> 
     </span>
     <span class='ocr_line' id='line_1_20' title="bbox 159 1551 1932 1604; baseline 0 -12"><span class='ocrx_word' id='word_1_187' title='bbox 159 1564 240 1603; x_wconf 92' lang='lat' dir='ltr'>per</span> <span class='ocrx_word' id='word_1_188' title='bbox 265 1552 348 1593; x_wconf 89' lang='lat' dir='ltr'>Dei</span> <span class='ocrx_word' id='word_1_189' title='bbox 380 1553 588 1604; x_wconf 87' lang='lat' dir='ltr'>graciam</span> <span class='ocrx_word' id='word_1_190' title='bbox 622 1553 666 1592; x_wconf 91' lang='lat' dir='ltr'>in</span> <span class='ocrx_word' id='word_1_191' title='bbox 700 1551 822 1592; x_wconf 89' lang='lat' dir='ltr'>bona</span> <span class='ocrx_word' id='word_1_192' title='bbox 845 1552 1170 1602; x_wconf 79' lang='lat' dir='ltr'>disposicione.</span> <span class='ocrx_word' id='word_1_193' title='bbox 1229 1552 1390 1603; x_wconf 56' lang='lat' dir='ltr'>(fredo,</span> <span class='ocrx_word' id='word_1_194' title='bbox 1420 1552 1541 1602; x_wconf 84' lang='lat' dir='ltr'>quod</span> <span class='ocrx_word' id='word_1_195' title='bbox 1570 1553 1612 1592; x_wconf 93' lang='lat' dir='ltr'>in</span> <span class='ocrx_word' id='word_1_196' title='bbox 1641 1552 1767 1592; x_wconf 82' lang='lat' dir='ltr'>brevi</span> <span class='ocrx_word' id='word_1_197' title='bbox 1792 1564 1932 1603; x_wconf 91' lang='lat' dir='ltr'>nego—</span> 
     </span>
     <span class='ocr_line' id='line_1_21' title="bbox 159 1622 1934 1673; baseline -0.001 -10"><span class='ocrx_word' id='word_1_198' title='bbox 159 1623 230 1664; x_wconf 88' lang='lat' dir='ltr'>cia</span> <span class='ocrx_word' id='word_1_199' title='bbox 262 1623 497 1665; x_wconf 88' lang='lat' dir='ltr'>habebunt</span> <span class='ocrx_word' id='word_1_200' title='bbox 531 1623 775 1673; x_wconf 84' lang='lat' dir='ltr'>aliqualem</span> <span class='ocrx_word' id='word_1_201' title='bbox 812 1622 1172 1673; x_wconf 76' lang='lat' dir='ltr'>conclusionem7</span> <span class='ocrx_word' id='word_1_202' title='bbox 1216 1623 1270 1663; x_wconf 86' lang='lat' dir='ltr'>de</span> <span class='ocrx_word' id='word_1_203' title='bbox 1305 1635 1408 1673; x_wconf 72' lang='lat' dir='ltr'>qua,</span> <span class='ocrx_word' id='word_1_204' title='bbox 1443 1635 1544 1663; x_wconf 92' lang='lat' dir='ltr'>cum</span> <span class='ocrx_word' id='word_1_205' title='bbox 1593 1622 1721 1664; x_wconf 89' lang='lat' dir='ltr'>facta</span> <span class='ocrx_word' id='word_1_206' title='bbox 1768 1624 1843 1671; x_wconf 71' lang='lat' dir='ltr'>sit,</span> <span class='ocrx_word' id='word_1_207' title='bbox 1886 1626 1934 1663; x_wconf 92' lang='lat' dir='ltr'>et</span> 
     </span>
     <span class='ocr_line' id='line_1_22' title="bbox 159 1693 1932 1745; baseline 0.001 -11"><span class='ocrx_word' id='word_1_208' title='bbox 159 1694 214 1734; x_wconf 89' lang='grc'>(16</span> <span class='ocrx_word' id='word_1_209' title='bbox 249 1694 349 1734; x_wconf 87' lang='lat' dir='ltr'>aliis</span> <span class='ocrx_word' id='word_1_210' title='bbox 384 1694 737 1736; x_wconf 90' lang='lat' dir='ltr'>occurrentibus</span> <span class='ocrx_word' id='word_1_211' title='bbox 771 1693 972 1735; x_wconf 88' lang='lat' dir='ltr'>scribam</span> <span class='ocrx_word' id='word_1_212' title='bbox 1009 1693 1140 1734; x_wconf 89' lang='lat' dir='ltr'>vobis</span> <span class='ocrx_word' id='word_1_213' title='bbox 1166 1705 1245 1744; x_wconf 88' lang='lat' dir='ltr'>per</span> <span class='ocrx_word' id='word_1_214' title='bbox 1271 1694 1477 1734; x_wconf 78' lang='lat' dir='ltr'>velocem</span> <span class='ocrx_word' id='word_1_215' title='bbox 1503 1706 1756 1734; x_wconf 80' lang='lat' dir='ltr'>cursorem.</span> <span class='ocrx_word' id='word_1_216' title='bbox 1789 1695 1932 1745; x_wconf 67' lang='lat' dir='ltr'>Spero</span> 
     </span>
     <span class='ocr_line' id='line_1_23' title="bbox 159 1753 1933 1816; baseline 0.001 -12"><span class='ocrx_word' id='word_1_217' title='bbox 159 1765 202 1804; x_wconf 92' lang='lat' dir='ltr'>in</span> <span class='ocrx_word' id='word_1_218' title='bbox 236 1765 348 1816; x_wconf 60' lang='lat' dir='ltr'>Deo,</span> <span class='ocrx_word' id='word_1_219' title='bbox 382 1753 503 1816; x_wconf 83' lang='lat' dir='ltr'>quod</span> <span class='ocrx_word' id='word_1_220' title='bbox 536 1766 636 1806; x_wconf 85' lang='lat' dir='ltr'>vice</span> <span class='ocrx_word' id='word_1_221' title='bbox 670 1765 756 1805; x_wconf 87' lang='lat' dir='ltr'>hac</span> <span class='ocrx_word' id='word_1_222' title='bbox 790 1764 1063 1805; x_wconf 84' lang='lat' dir='ltr'>habebimus</span> <span class='ocrx_word' id='word_1_223' title='bbox 1096 1765 1327 1815; x_wconf 71' lang='lat' dir='ltr'>unionem,</span> <span class='ocrx_word' id='word_1_224' title='bbox 1370 1765 1456 1806; x_wconf 86' lang='lat' dir='ltr'>nisi</span> <span class='ocrx_word' id='word_1_225' title='bbox 1504 1764 1662 1805; x_wconf 76' lang='lat' dir='ltr'>Gallici</span> <span class='ocrx_word' id='word_1_226' title='bbox 1711 1765 1933 1805; x_wconf 78' lang='lat' dir='ltr'>tribulent</span> 
     </span>
     <span class='ocr_line' id='line_1_24' title="bbox 157 1835 1071 1887; baseline 0.001 -12"><span class='ocrx_word' id='word_1_227' title='bbox 157 1836 415 1887; x_wconf 74' lang='lat' dir='ltr'>negocium,</span> <span class='ocrx_word' id='word_1_228' title='bbox 451 1836 573 1876; x_wconf 88' lang='lat' dir='ltr'>sicut</span> <span class='ocrx_word' id='word_1_229' title='bbox 606 1836 801 1876; x_wconf 85' lang='lat' dir='ltr'>credunt</span> <span class='ocrx_word' id='word_1_230' title='bbox 835 1835 1071 1876; x_wconf 85' lang='lat' dir='ltr'>tribulare.</span> 
     </span>
    </p>
   </div>
   <div class='ocr_carea' id='block_1_4' title="bbox 157 1918 1933 2962">
    <p class='ocr_par' dir='ltr' id='par_1_4' title="bbox 157 1918 1933 2962">
     <span class='ocr_line' id='line_1_25' title="bbox 275 1918 1933 1969; baseline -0.001 -11"><span class='ocrx_word' id='word_1_231' title='bbox 275 1919 389 1959; x_wconf 89' lang='lat' dir='ltr'>Item</span> <span class='ocrx_word' id='word_1_232' title='bbox 425 1919 465 1959; x_wconf 88' lang='grc'>(1.</span> <span class='ocrx_word' id='word_1_233' title='bbox 498 1918 705 1959; x_wconf 61' lang='lat' dir='ltr'>jacobus</span> <span class='ocrx_word' id='word_1_234' title='bbox 740 1918 885 1969; x_wconf 88' lang='lat' dir='ltr'>Egidii</span> <span class='ocrx_word' id='word_1_235' title='bbox 922 1918 1082 1959; x_wconf 87' lang='lat' dir='ltr'>scribit</span> <span class='ocrx_word' id='word_1_236' title='bbox 1116 1919 1265 1963; x_wconf 60' lang='lat' dir='ltr'>michL</span> <span class='ocrx_word' id='word_1_237' title='bbox 1315 1919 1435 1969; x_wconf 84' lang='lat' dir='ltr'>quod</span> <span class='ocrx_word' id='word_1_238' title='bbox 1470 1919 1607 1969; x_wconf 84' lang='lat' dir='ltr'>aliqui</span> <span class='ocrx_word' id='word_1_239' title='bbox 1642 1919 1933 1969; x_wconf 84' lang='lat' dir='ltr'>scripserunt</span> 
     </span>
     <span class='ocr_line' id='line_1_26' title="bbox 157 1989 1932 2041; baseline 0 -12"><span class='ocrx_word' id='word_1_240' title='bbox 157 1990 257 2041; x_wconf 76' lang='lat' dir='ltr'>sibi,</span> <span class='ocrx_word' id='word_1_241' title='bbox 292 1989 414 2040; x_wconf 87' lang='lat' dir='ltr'>quod</span> <span class='ocrx_word' id='word_1_242' title='bbox 446 1989 628 2031; x_wconf 88' lang='lat' dir='ltr'>fructus</span> <span class='ocrx_word' id='word_1_243' title='bbox 663 1992 711 2030; x_wconf 92' lang='lat' dir='ltr'>et</span> <span class='ocrx_word' id='word_1_244' title='bbox 743 1989 951 2029; x_wconf 83' lang='lat' dir='ltr'>redditus</span> <span class='ocrx_word' id='word_1_245' title='bbox 987 1989 1419 2040; x_wconf 85' lang='lat' dir='ltr'>archiepiscopatus</span> <span class='ocrx_word' id='word_1_246' title='bbox 1455 1989 1664 2030; x_wconf 83' lang='lat' dir='ltr'>Toletani</span> <span class='ocrx_word' id='word_1_247' title='bbox 1701 1992 1810 2030; x_wconf 91' lang='lat' dir='ltr'>sunt</span> <span class='ocrx_word' id='word_1_248' title='bbox 1840 1990 1932 2030; x_wconf 88' lang='lat' dir='ltr'>isto</span> 
     </span>
     <span class='ocr_line' id='line_1_27' title="bbox 158 2060 1932 2112; baseline 0.001 -12"><span class='ocrx_word' id='word_1_249' title='bbox 158 2072 278 2101; x_wconf 86' lang='lat' dir='ltr'>anno</span> <span class='ocrx_word' id='word_1_250' title='bbox 328 2060 559 2100; x_wconf 82' lang='lat' dir='ltr'>dividendi</span> <span class='ocrx_word' id='word_1_251' title='bbox 608 2061 729 2101; x_wconf 90' lang='lat' dir='ltr'>inter</span> <span class='ocrx_word' id='word_1_252' title='bbox 778 2072 1012 2101; x_wconf 83' lang='lat' dir='ltr'>cameram</span> <span class='ocrx_word' id='word_1_253' title='bbox 1062 2062 1110 2100; x_wconf 92' lang='lat' dir='ltr'>et</span> <span class='ocrx_word' id='word_1_254' title='bbox 1159 2061 1198 2100; x_wconf 85' lang='lat' dir='ltr'>d.</span> <span class='ocrx_word' id='word_1_255' title='bbox 1234 2061 1631 2112; x_wconf 86' lang='lat' dir='ltr'>archiepiscopum</span> <span class='ocrx_word' id='word_1_256' title='bbox 1681 2063 1728 2100; x_wconf 83' lang='lat' dir='ltr'>et</span> <span class='ocrx_word' id='word_1_257' title='bbox 1775 2062 1932 2101; x_wconf 90' lang='lat' dir='ltr'>nescio</span> 
     </span>
     <span class='ocr_line' id='line_1_28' title="bbox 157 2131 1932 2183; baseline 0.001 -13"><span class='ocrx_word' id='word_1_258' title='bbox 157 2131 276 2181; x_wconf 89' lang='lat' dir='ltr'>quid.</span> <span class='ocrx_word' id='word_1_259' title='bbox 340 2131 405 2171; x_wconf 90' lang='lat' dir='ltr'>De</span> <span class='ocrx_word' id='word_1_260' title='bbox 441 2143 529 2182; x_wconf 85' lang='lat' dir='ltr'>quo</span> <span class='ocrx_word' id='word_1_261' title='bbox 564 2131 707 2171; x_wconf 90' lang='lat' dir='ltr'>miror</span> <span class='ocrx_word' id='word_1_262' title='bbox 740 2131 888 2181; x_wconf 74' lang='lat' dir='ltr'>valde,</span> <span class='ocrx_word' id='word_1_263' title='bbox 924 2132 1171 2181; x_wconf 85' lang='lat' dir='ltr'>presertim</span> <span class='ocrx_word' id='word_1_264' title='bbox 1196 2132 1315 2172; x_wconf 84' lang='lat' dir='ltr'>unde</span> <span class='ocrx_word' id='word_1_265' title='bbox 1340 2132 1432 2172; x_wconf 87' lang='lat' dir='ltr'>ista</span> <span class='ocrx_word' id='word_1_266' title='bbox 1456 2132 1786 2183; x_wconf 70' lang='lat' dir='ltr'>processerint,</span> <span class='ocrx_word' id='word_1_267' title='bbox 1810 2144 1932 2182; x_wconf 67' lang='lat' dir='ltr'>nam7</span> 
     </span>
     <span class='ocr_line' id='line_1_29' title="bbox 159 2202 1930 2253; baseline 0.001 -12"><span class='ocrx_word' id='word_1_268' title='bbox 159 2203 209 2242; x_wconf 91' lang='lat' dir='ltr'>ut</span> <span class='ocrx_word' id='word_1_269' title='bbox 242 2202 388 2251; x_wconf 69' lang='lat' dir='ltr'>scitis,</span> <span class='ocrx_word' id='word_1_270' title='bbox 423 2202 636 2242; x_wconf 83' lang='lat' dir='ltr'>(lominus</span> <span class='ocrx_word' id='word_1_271' title='bbox 670 2204 834 2242; x_wconf 89' lang='lat' dir='ltr'>noster</span> <span class='ocrx_word' id='word_1_272' title='bbox 869 2202 1029 2242; x_wconf 83' lang='lat' dir='ltr'>volens</span> <span class='ocrx_word' id='word_1_273' title='bbox 1063 2203 1325 2253; x_wconf 87' lang='lat' dir='ltr'>profectum</span> <span class='ocrx_word' id='word_1_274' title='bbox 1366 2215 1549 2243; x_wconf 89' lang='lat' dir='ltr'>camere</span> <span class='ocrx_word' id='word_1_275' title='bbox 1595 2203 1776 2243; x_wconf 86' lang='lat' dir='ltr'>fructus</span> <span class='ocrx_word' id='word_1_276' title='bbox 1822 2203 1930 2243; x_wconf 85' lang='lat' dir='ltr'>dicti</span> 
     </span>
     <span class='ocr_line' id='line_1_30' title="bbox 158 2272 1931 2323; baseline 0 -11"><span class='ocrx_word' id='word_1_277' title='bbox 158 2273 589 2323; x_wconf 86' lang='lat' dir='ltr'>archiepiscopatus</span> <span class='ocrx_word' id='word_1_278' title='bbox 623 2273 758 2313; x_wconf 90' lang='lat' dir='ltr'>huius</span> <span class='ocrx_word' id='word_1_279' title='bbox 794 2273 899 2313; x_wconf 92' lang='lat' dir='ltr'>anni</span> <span class='ocrx_word' id='word_1_280' title='bbox 934 2273 1105 2313; x_wconf 86' lang='lat' dir='ltr'>domini</span> <span class='ocrx_word' id='word_1_281' title='bbox 1141 2272 1417 2314; x_wconf 63' lang='lat' dir='ltr'>McccCXv</span> <span class='ocrx_word' id='word_1_282' title='bbox 1452 2273 1716 2314; x_wconf 79' lang='lat' dir='ltr'>reservavit</span> <span class='ocrx_word' id='word_1_283' title='bbox 1749 2276 1795 2314; x_wconf 88' lang='lat' dir='ltr'>et</span> <span class='ocrx_word' id='word_1_284' title='bbox 1826 2274 1931 2313; x_wconf 90' lang='lat' dir='ltr'>sub-</span> 
     </span>
     <span class='ocr_line' id='line_1_31' title="bbox 159 2344 1930 2394; baseline 0.001 -11"><span class='ocrx_word' id='word_1_285' title='bbox 159 2345 409 2394; x_wconf 87' lang='lat' dir='ltr'>sequenter</span> <span class='ocrx_word' id='word_1_286' title='bbox 443 2356 630 2384; x_wconf 89' lang='lat' dir='ltr'>camera</span> <span class='ocrx_word' id='word_1_287' title='bbox 664 2344 721 2384; x_wconf 88' lang='lat' dir='ltr'>ad</span> <span class='ocrx_word' id='word_1_288' title='bbox 756 2344 1016 2394; x_wconf 87' lang='lat' dir='ltr'>profectum</span> <span class='ocrx_word' id='word_1_289' title='bbox 1052 2356 1186 2385; x_wconf 91' lang='lat' dir='ltr'>suum</span> <span class='ocrx_word' id='word_1_290' title='bbox 1222 2345 1489 2385; x_wconf 84' lang='lat' dir='ltr'>arrendavit</span> <span class='ocrx_word' id='word_1_291' title='bbox 1516 2345 1555 2384; x_wconf 89' lang='grc'>(1.</span> <span class='ocrx_word' id='word_1_292' title='bbox 1582 2345 1930 2394; x_wconf 81' lang='lat' dir='ltr'>archiepiscopo</span> 
     </span>
     <span class='ocr_line' id='line_1_32' title="bbox 158 2413 1931 2465; baseline 0.001 -12"><span class='ocrx_word' id='word_1_293' title='bbox 158 2413 338 2454; x_wconf 86' lang='lat' dir='ltr'>fructus</span> <span class='ocrx_word' id='word_1_294' title='bbox 372 2414 562 2455; x_wconf 86' lang='lat' dir='ltr'>eosdem</span> <span class='ocrx_word' id='word_1_295' title='bbox 597 2415 734 2455; x_wconf 88' lang='lat' dir='ltr'>istius</span> <span class='ocrx_word' id='word_1_296' title='bbox 769 2415 875 2454; x_wconf 91' lang='lat' dir='ltr'>anni</span> <span class='ocrx_word' id='word_1_297' title='bbox 908 2415 1171 2464; x_wconf 84' lang='lat' dir='ltr'>incipientis</span> <span class='ocrx_word' id='word_1_298' title='bbox 1206 2415 1353 2465; x_wconf 87' lang='lat' dir='ltr'>prima</span> <span class='ocrx_word' id='word_1_299' title='bbox 1388 2415 1562 2455; x_wconf 79' lang='lat' dir='ltr'>mensis</span> <span class='ocrx_word' id='word_1_300' title='bbox 1588 2415 1690 2454; x_wconf 83' lang='lat' dir='ltr'>Maii</span> <span class='ocrx_word' id='word_1_301' title='bbox 1722 2415 1931 2464; x_wconf 85' lang='lat' dir='ltr'>proxime</span> 
     </span>
     <span class='ocr_line' id='line_1_33' title="bbox 159 2484 1931 2536; baseline 0.001 -12"><span class='ocrx_word' id='word_1_302' title='bbox 159 2485 367 2535; x_wconf 85' lang='lat' dir='ltr'>preteriti</span> <span class='ocrx_word' id='word_1_303' title='bbox 390 2486 438 2524; x_wconf 93' lang='lat' dir='ltr'>et</span> <span class='ocrx_word' id='word_1_304' title='bbox 470 2484 672 2524; x_wconf 87' lang='lat' dir='ltr'>finientis</span> <span class='ocrx_word' id='word_1_305' title='bbox 706 2485 871 2525; x_wconf 87' lang='lat' dir='ltr'>ultima</span> <span class='ocrx_word' id='word_1_306' title='bbox 905 2484 1075 2534; x_wconf 76' lang='lat' dir='ltr'>Aprilis</span> <span class='ocrx_word' id='word_1_307' title='bbox 1110 2485 1318 2535; x_wconf 83' lang='lat' dir='ltr'>proxime</span> <span class='ocrx_word' id='word_1_308' title='bbox 1343 2485 1524 2525; x_wconf 89' lang='lat' dir='ltr'>venturi</span> <span class='ocrx_word' id='word_1_309' title='bbox 1560 2486 1665 2525; x_wconf 91' lang='lat' dir='ltr'>anni</span> <span class='ocrx_word' id='word_1_310' title='bbox 1691 2486 1931 2536; x_wconf 86' lang='lat' dir='ltr'>sequentis</span> 
     </span>
     <span class='ocr_line' id='line_1_34' title="bbox 159 2554 1930 2607; baseline -0.001 -12"><span class='ocrx_word' id='word_1_311' title='bbox 159 2554 410 2595; x_wconf 87' lang='lat' dir='ltr'>secundum</span> <span class='ocrx_word' id='word_1_312' title='bbox 466 2566 640 2595; x_wconf 89' lang='lat' dir='ltr'>morem</span> <span class='ocrx_word' id='word_1_313' title='bbox 693 2555 831 2605; x_wconf 73' lang='lat' dir='ltr'>curie,</span> <span class='ocrx_word' id='word_1_314' title='bbox 886 2555 1008 2595; x_wconf 90' lang='lat' dir='ltr'>sicut</span> <span class='ocrx_word' id='word_1_315' title='bbox 1056 2555 1189 2595; x_wconf 88' lang='lat' dir='ltr'>vobis</span> <span class='ocrx_word' id='word_1_316' title='bbox 1243 2555 1331 2595; x_wconf 85' lang='lat' dir='ltr'>fuit</span> <span class='ocrx_word' id='word_1_317' title='bbox 1384 2556 1623 2607; x_wconf 69' lang='lat' dir='ltr'>scriptum,</span> <span class='ocrx_word' id='word_1_318' title='bbox 1678 2558 1725 2596; x_wconf 83' lang='lat' dir='ltr'>et</span> <span class='ocrx_word' id='word_1_319' title='bbox 1779 2556 1930 2604; x_wconf 70' lang='lat' dir='ltr'>credo,</span> 
     </span>
     <span class='ocr_line' id='line_1_35' title="bbox 159 2625 1930 2677; baseline 0.001 -11"><span class='ocrx_word' id='word_1_320' title='bbox 159 2626 342 2666; x_wconf 84' lang='lat' dir='ltr'>vidistis</span> <span class='ocrx_word' id='word_1_321' title='bbox 378 2625 554 2676; x_wconf 86' lang='lat' dir='ltr'>copiam</span> <span class='ocrx_word' id='word_1_322' title='bbox 591 2626 889 2666; x_wconf 89' lang='lat' dir='ltr'>instrumenti</span> <span class='ocrx_word' id='word_1_323' title='bbox 923 2626 1185 2666; x_wconf 86' lang='lat' dir='ltr'>huiusmodi</span> <span class='ocrx_word' id='word_1_324' title='bbox 1211 2627 1556 2667; x_wconf 71' lang='lat' dir='ltr'>arrenslamenti</span> <span class='ocrx_word' id='word_1_325' title='bbox 1588 2629 1635 2667; x_wconf 87' lang='lat' dir='ltr'>et</span> <span class='ocrx_word' id='word_1_326' title='bbox 1665 2639 1744 2677; x_wconf 80' lang='lat' dir='ltr'>per</span> <span class='ocrx_word' id='word_1_327' title='bbox 1768 2639 1930 2667; x_wconf 86' lang='lat' dir='ltr'>conse-</span> 
     </span>
     <span class='ocr_line' id='line_1_36' title="bbox 157 2695 1930 2747; baseline 0.002 -12"><span class='ocrx_word' id='word_1_328' title='bbox 157 2708 302 2747; x_wconf 85' lang='lat' dir='ltr'>quens</span> <span class='ocrx_word' id='word_1_329' title='bbox 337 2708 524 2737; x_wconf 86' lang='lat' dir='ltr'>camera</span> <span class='ocrx_word' id='word_1_330' title='bbox 558 2707 720 2736; x_wconf 88' lang='lat' dir='ltr'>omnes</span> <span class='ocrx_word' id='word_1_331' title='bbox 754 2695 936 2737; x_wconf 85' lang='lat' dir='ltr'>fructus</span> <span class='ocrx_word' id='word_1_332' title='bbox 970 2697 1231 2738; x_wconf 87' lang='lat' dir='ltr'>huiusmodi</span> <span class='ocrx_word' id='word_1_333' title='bbox 1268 2698 1375 2737; x_wconf 86' lang='lat' dir='ltr'>anni</span> <span class='ocrx_word' id='word_1_334' title='bbox 1407 2697 1577 2738; x_wconf 85' lang='lat' dir='ltr'>habere</span> <span class='ocrx_word' id='word_1_335' title='bbox 1623 2698 1762 2738; x_wconf 77' lang='lat' dir='ltr'>(lebet</span> <span class='ocrx_word' id='word_1_336' title='bbox 1800 2699 1930 2739; x_wconf 85' lang='lat' dir='ltr'>iuxta</span> 
     </span>
     <span class='ocr_line' id='line_1_37' title="bbox 158 2767 1929 2820; baseline 0.002 -14"><span class='ocrx_word' id='word_1_337' title='bbox 158 2767 567 2807; x_wconf 84' lang='lat' dir='ltr'>arrendamentum</span> <span class='ocrx_word' id='word_1_338' title='bbox 603 2779 686 2807; x_wconf 90' lang='lat' dir='ltr'>nec</span> <span class='ocrx_word' id='word_1_339' title='bbox 721 2767 861 2808; x_wconf 85' lang='lat' dir='ltr'>dividi</span> <span class='ocrx_word' id='word_1_340' title='bbox 894 2768 1077 2819; x_wconf 75' lang='lat' dir='ltr'>debent,</span> <span class='ocrx_word' id='word_1_341' title='bbox 1111 2771 1158 2809; x_wconf 91' lang='lat' dir='ltr'>et</span> <span class='ocrx_word' id='word_1_342' title='bbox 1192 2769 1313 2820; x_wconf 85' lang='lat' dir='ltr'>quod</span> <span class='ocrx_word' id='word_1_343' title='bbox 1347 2769 1485 2810; x_wconf 85' lang='lat' dir='ltr'>modo</span> <span class='ocrx_word' id='word_1_344' title='bbox 1520 2770 1587 2810; x_wconf 87' lang='lat' dir='ltr'>ita</span> <span class='ocrx_word' id='word_1_345' title='bbox 1620 2781 1712 2810; x_wconf 90' lang='lat' dir='ltr'>non</span> <span class='ocrx_word' id='word_1_346' title='bbox 1739 2769 1929 2820; x_wconf 73' lang='lat' dir='ltr'>faciant,</span> 
     </span>
     <span class='ocr_line' id='line_1_38' title="bbox 157 2838 1929 2891; baseline 0.002 -14"><span class='ocrx_word' id='word_1_347' title='bbox 157 2849 249 2878; x_wconf 93' lang='lat' dir='ltr'>non</span> <span class='ocrx_word' id='word_1_348' title='bbox 282 2838 488 2888; x_wconf 88' lang='lat' dir='ltr'>intelligo</span> <span class='ocrx_word' id='word_1_349' title='bbox 522 2850 606 2878; x_wconf 91' lang='lat' dir='ltr'>nec</span> <span class='ocrx_word' id='word_1_350' title='bbox 641 2838 772 2888; x_wconf 87' lang='lat' dir='ltr'>capio</span> <span class='ocrx_word' id='word_1_351' title='bbox 806 2839 948 2879; x_wconf 86' lang='lat' dir='ltr'>istum</span> <span class='ocrx_word' id='word_1_352' title='bbox 984 2840 1187 2891; x_wconf 77' lang='lat' dir='ltr'>modum,</span> <span class='ocrx_word' id='word_1_353' title='bbox 1212 2840 1360 2890; x_wconf 89' lang='lat' dir='ltr'>qualis</span> <span class='ocrx_word' id='word_1_354' title='bbox 1385 2841 1459 2881; x_wconf 91' lang='lat' dir='ltr'>sit.</span> <span class='ocrx_word' id='word_1_355' title='bbox 1486 2840 1684 2891; x_wconf 71' lang='lat' dir='ltr'>Suplico,</span> <span class='ocrx_word' id='word_1_356' title='bbox 1710 2840 1929 2881; x_wconf 89' lang='lat' dir='ltr'>scribatis</span> 
     </span>
     <span class='ocr_line' id='line_1_39' title="bbox 159 2907 1929 2962; baseline 0.002 -15"><span class='ocrx_word' id='word_1_357' title='bbox 159 2920 247 2959; x_wconf 87' lang='lat' dir='ltr'>quo</span> <span class='ocrx_word' id='word_1_358' title='bbox 280 2907 468 2949; x_wconf 86' lang='lat' dir='ltr'>brevius</span> <span class='ocrx_word' id='word_1_359' title='bbox 503 2909 717 2958; x_wconf 86' lang='lat' dir='ltr'>poteritis</span> <span class='ocrx_word' id='word_1_360' title='bbox 752 2909 877 2950; x_wconf 90' lang='lat' dir='ltr'>dicto</span> <span class='ocrx_word' id='word_1_361' title='bbox 913 2909 953 2949; x_wconf 89' lang='lat' dir='ltr'>d.</span> <span class='ocrx_word' id='word_1_362' title='bbox 985 2909 1165 2951; x_wconf 81' lang='lat' dir='ltr'>Jacobo</span> <span class='ocrx_word' id='word_1_363' title='bbox 1191 2910 1335 2962; x_wconf 84' lang='lat' dir='ltr'>Egidii</span> <span class='ocrx_word' id='word_1_364' title='bbox 1360 2913 1407 2952; x_wconf 89' lang='lat' dir='ltr'>et</span> <span class='ocrx_word' id='word_1_365' title='bbox 1430 2911 1470 2951; x_wconf 89' lang='grc'>(1.</span> <span class='ocrx_word' id='word_1_366' title='bbox 1496 2911 1662 2952; x_wconf 80' lang='lat' dir='ltr'>Sancio</span> <span class='ocrx_word' id='word_1_367' title='bbox 1690 2911 1744 2951; x_wconf 88' lang='grc'>(16</span> <span class='ocrx_word' id='word_1_368' title='bbox 1769 2911 1929 2962; x_wconf 80' lang='lat' dir='ltr'>Veste⁷</span> 
     </span>
    </p>
   </div>
   <div class='ocr_carea' id='block_1_5' title="bbox 279 3069 809 3113">
    <p class='ocr_par' dir='ltr' id='par_1_5' title="bbox 279 3069 809 3113">
     <span class='ocr_line' id='line_1_40' title="bbox 279 3069 809 3113; baseline 0.006 -10"><span class='ocrx_word' id='word_1_369' title='bbox 279 3069 304 3113; x_wconf 87' lang='lat'>¹)</span> <span class='ocrx_word' id='word_1_370' title='bbox 330 3071 471 3104; x_wconf 67' lang='lat' dir='ltr'>Leicler</span> <span class='ocrx_word' id='word_1_371' title='bbox 495 3071 600 3106; x_wconf 70' lang='lat' dir='ltr'>vicht</span> <span class='ocrx_word' id='word_1_372' title='bbox 626 3072 809 3107; x_wconf 73' lang='lat' dir='ltr'>crhalten,</span> 
     </span>
    </p>
   </div>
  </div>
 </body>
</html>
