2178 3404
690 168 854 202 Traktat
882 170 987 201 oinos
1017 167 1249 201 nouisclwn.
1756 160 1834 200 641

191 278 407 329 Sequitur
440 279 781 319 avisamentum
820 290 901 328 pro
936 277 1275 318 reformacione
1310 278 1429 317 sacri
1464 277 1655 327 imperii.

190 349 305 399 Quia
340 361 420 399 pro
455 348 794 389 res‹⁷›rmacione
829 349 950 388 sacri
983 349 1159 398 imperii
1194 351 1268 388 est
1298 348 1339 387 in
1375 348 1533 388 multis
1565 360 1648 398 par
1670 349 1795 388 racio
1811 349 1842 395 ³)

72 432 174 460 cum
219 419 556 460 resormacione
600 422 799 469 papatus
834 421 881 458 et
914 431 1039 469 ergo,
1083 419 1120 458 si
1154 419 1308 469 placet
1348 419 1672 459 sacratissimo
1707 431 1842 469 gene-

71 490 153 530 rali
170 484 203 541 b)
227 490 434 540 concilio7
470 502 551 540 pro
578 489 916 530 resormacione
940 489 1061 530 sacri
1089 489 1265 539 imperii
1291 489 1345 529 de
1379 489 1553 529 eisdem
1578 490 1842 540 provinciis,

72 561 126 601 de
172 560 336 611 quibus
385 560 580 610 eligendi
629 563 740 600 sunt
790 559 1062 610 cardinales,
1112 560 1343 609 eligantur
1391 561 1536 600 eciam
1592 560 1841 601 conciliarii

72 631 368 681 imperatoris
402 642 484 681 per
516 631 744 681 principes
785 632 831 670 et
875 629 1053 670 nobiles
1089 630 1338 681 seculares
1385 630 1612 670 habentes
1656 643 1842 681 posses-

72 702 227 742 siones
260 701 490 742 notabiles
514 701 557 740 in
583 701 688 740 istis
713 701 978 751 provinciis
1037 700 1093 740 Et
1127 700 1290 740 melius
1317 701 1511 751 videtur,
1546 701 1666 751 quod
1698 702 1843 741 cardi-

71 772 201 812 nales
249 783 365 822 pape
410 774 457 811 et
497 772 745 812 conciliarii
792 771 1090 821 imperatoris
1137 771 1370 821 eligantur
1416 784 1497 821 per
1543 774 1639 811 ires
1687 774 1843 812 status

73 842 317 883 cuiuslibet
349 842 598 893 provincie,
634 842 849 882 videlicet
882 854 963 892 per
997 842 1225 892 principes
1255 844 1301 881 et
1335 842 1541 892 prelatos
1577 843 1843 892 spirituales

73 914 121 952 et
153 924 233 964 per
266 912 497 963 principes
540 914 588 953 et
620 913 799 953 nobiles
846 913 1082 953 seculares
1129 915 1176 952 et
1211 925 1290 963 per
1336 913 1551 953 consules
1599 913 1840 953 civitatum

72 985 119 1023 et
152 983 457 1034 solempnium
495 983 783 1034 oppidorum,
818 983 924 1034 quia
958 983 1024 1024 sic
1058 983 1242 1023 videtur
1276 984 1361 1023 coli
1396 986 1440 1023 eiv
1467 984 1618 1023 doceri
1645 985 1843 1024 sanctis-

72 1053 191 1093 sima
236 1054 392 1094 unitas
439 1054 646 1104 corporis
693 1054 887 1094 ecclesie
920 1054 1017 1105 Dei,
1065 1054 1195 1094 cuius
1239 1053 1451 1094 Christus
1496 1056 1566 1093 est
1613 1057 1747 1104 caput
1798 1057 1840 1094 et

72 1124 223 1165 clerici
255 1126 303 1164 et
326 1124 427 1165 laici
452 1124 673 1164 membra.
730 1124 927 1165 l’redicti
954 1125 1203 1165 conciliarii
1229 1125 1526 1174 imperatmis
1552 1125 1844 1165 solunnnotlo

70 1195 275 1236 habeant
314 1197 599 1245 potestatem
649 1195 827 1243 (lamli‘')
862 1195 1090 1235 liberrime
1134 1195 1326 1236 concilia
1370 1195 1537 1235 salmis
1582 1195 1734 1235 tocius
1780 1196 1842 1234 rei

72 1266 250 1316 publice
289 1268 337 1305 et
378 1266 608 1316 generalis
652 1266 819 1306 salutis
862 1266 1044 1316 generis
1088 1266 1275 1306 humani
1310 1278 1366 1304 ex
1409 1277 1566 1305 eorum
1613 1266 1844 1305 communi

71 1336 367 1377 conclusione
391 1348 474 1376 seu
496 1336 686 1377 maioris
712 1337 860 1387 partis
884 1337 1091 1387 ipsorum
1117 1337 1201 1388 ipsi
1229 1336 1554 1377 sacratissimo
1574 1336 1843 1386 imperatori

70 1408 117 1446 et
150 1406 405 1457 exequendi
439 1406 592 1447 officia
626 1409 673 1446 et
706 1407 873 1447 iudicia
909 1407 994 1447 sibi
1028 1420 1083 1447 ex
1118 1410 1252 1458 parte
1276 1408 1397 1447 sacri
1422 1407 1598 1457 imperii
1624 1407 1844 1456 imposita

70 1479 118 1517 et
151 1477 436 1529 disponendi,
476 1477 596 1528 quod
630 1490 763 1518 sacre
798 1478 924 1527 leges
965 1478 1206 1519 enucleate
1247 1478 1508 1518 habeantur
1522 1472 1555 1524 ¹¹)
1588 1477 1629 1516 in
1666 1478 1844 1527 vulgari

70 1547 227 1598 lingua
260 1548 302 1588 in
337 1548 540 1599 qualibet
574 1548 766 1589 civitate
790 1551 836 1589 et
870 1549 913 1588 in
939 1549 1139 1600 quolibet
1167 1549 1390 1599 solempni
1422 1548 1636 1598 oppidof')
1703 1549 1844 1599 Leges

72 1618 369 1669 imperatoris
394 1618 563 1659 debent
597 1631 701 1660 esse
727 1620 899 1670 scripte
934 1620 1184 1660 secundum
1212 1620 1398 1670 ydioma
1424 1620 1645 1671 parcium,
1681 1620 1844 1670 quibus

72 1689 475 1739 trzmsmittuntur7
509 1690 763 1740 principum
800 1690 1048 1731 collatione
1083 1691 1237 1741 tertia,
1272 1693 1323 1731 ut
1348 1691 1413 1730 sic
1439 1690 1563 1740 leges
1589 1704 1615 1731 a
1640 1690 1836 1741 quolibet

73 1759 283 1800 sciantur
315 1760 359 1800 in
395 1761 660 1801 auctentica
693 1761 748 1800 de
782 1761 1017 1801 mandatis
1052 1758 1231 1811 opidof)
1294 1761 1345 1801 Et
1396 1773 1449 1800 ex
1492 1761 1715 1801 mandato
1761 1761 1842 1800 im-

72 1830 304 1880 peratoris
338 1829 515 1871 faciant
548 1831 689 1882 leges,
714 1832 834 1882 quod
858 1831 1057 1882 quelibet
1082 1832 1250 1873 civitas
1274 1834 1320 1871 et
1345 1832 1581 1882 quodlibet
1605 1832 1842 1882 solempne

73 1900 288 1951 oppidum
314 1913 417 1941 cum
443 1902 539 1942 suis
563 1903 611 1941 et
629 1902 901 1952 oppidorum
920 1902 1174 1943 vicinorum
1202 1903 1419 1952 expensis
1440 1902 1683 1953 liabeantss)
1703 1914 1839 1942 unum

73 1970 142 2010 vel
177 1971 332 2021 plures
366 1972 409 2011 in
444 1972 620 2022 legibus
656 1973 803 2013 sacris
840 1973 1034 2023 peritum
1072 1973 1142 2013 vel
1178 1973 1367 2023 peritos
1408 1973 1480 2023 qui
1518 1973 1703 2023 possint
1736 1984 1842 2013 esse

72 2052 345 2081 assessores
379 2044 427 2081 et
461 2043 679 2084 advocati
722 2044 975 2094 principum
1021 2045 1069 2083 et
1110 2043 1344 2093 nobilium7
1388 2043 1551 2094 quibus
1593 2056 1733 2084 cause
1772 2056 1842 2083 se-

74 2112 256 2153 culares
302 2125 382 2164 per
427 2114 757 2164 imperatorem
806 2114 1077 2165 delegentur
1124 2115 1192 2154 vel
1242 2109 1602 2165 coinittantur.¹¹)
1664 2114 1721 2154 Et
1766 2115 1842 2154 isti

73 2184 323 2224 conciliarii
357 2184 662 2225 brevissimos
697 2185 883 2225 ordines
916 2185 1182 2226 iudiciarios
1208 2197 1289 2235 pro
1314 2185 1511 2225 (liversis
1540 2185 1843 2235 ‹malitatibus

71 2255 370 2304 negociorum
405 2256 453 2295 et
477 2267 725 2296 causarum
752 2267 1003 2306 pauperum
1031 2255 1220 2306 faciant,
1246 2255 1410 2306 quibus
1436 2267 1576 2296 cause
1606 2256 1842 2295 seculares

71 2337 152 2375 per
184 2325 425 2376 delegatos
449 2328 496 2366 et
510 2321 536 2377 i)
565 2327 915 2367 commissarios
945 2327 1241 2377 imperatoris
1271 2327 1363 2367 cito
1393 2326 1588 2366 feliciter
1617 2322 1843 2376 possintk)

71 2394 202 2435 finiri.
266 2396 379 2436 Item
420 2397 614 2446 predicti
661 2397 911 2437 conciliarii
958 2397 1251 2437 solummodo
1298 2396 1503 2436 habeant
1550 2399 1838 2446 potestatem

71 2466 115 2505 in
150 2466 425 2516 quibusdam
460 2467 620 2516 paucis
656 2467 876 2517 articulis,
910 2479 992 2517 per
1022 2479 1137 2517 quos
1169 2467 1334 2517 aliquis
1370 2467 1554 2507 futurus
1588 2467 1844 2517 imperator

73 2538 233 2586 posset
268 2537 497 2587 principes
532 2539 613 2577 aut
647 2538 1011 2577 communitates
1037 2538 1219 2587 privare
1254 2549 1339 2577 sua
1370 2537 1599 2588 libertate,
1634 2538 1699 2577 ita
1722 2538 1841 2588 quod

73 2608 237 2647 contra
270 2607 492 2647 maiorem
534 2610 712 2657 partem
758 2608 1126 2648 con(seiliariorum
1164 2609 1392 2649 dictorum
1442 2608 1485 2647 in
1532 2609 1635 2647 istis
1683 2609 1842 2658 paucis

73 2677 281 2717 articulis
314 2677 449 2718 nichil
484 2690 623 2727 agere
663 2679 813 2728 possit
853 2679 1120 2728 imperator.
1187 2678 1243 2718 Et
1281 2679 1368 2718 nisi
1410 2679 1495 2719 hoc
1542 2679 1679 2719 modo
1720 2681 1799 2718 aut
1817 2674 1842 2727 ¹)

72 2747 248 2787 meliori
281 2747 564 2789 reformetur
579 2749 623 2799 ¹¹¹)
656 2749 897 2798 imperium
931 2749 1095 2799 ipsum,
1135 2751 1187 2789 ut
1219 2749 1473 2789 timendum
1509 2750 1596 2800 est,
1638 2750 1678 2788 in
1717 2749 1841 2789 brevi

190 2884 222 2918 a)
243 2884 283 2910 In
312 2885 353 2912 W
370 2885 449 2919 folyl
470 2893 542 2911 cuin
566 2894 624 2918 pro
643 2885 709 2915 rof„
730 2886 773 2911 im
796 2885 923 2912 Druck:
947 2894 1005 2919 per
1026 2885 1243 2911 rneiocinium
1267 2894 1324 2918 pro
1349 2886 1406 2911 rvr.
1447 2885 1478 2917 b)
1505 2885 1601 2911 [vemt
1624 2886 1662 2912 W
1682 2884 1840 2916 geum-nli.

73 2930 102 2963 ‹·)
129 2930 170 2956 W
186 2931 256 2957 ulid
276 2932 323 2958 Br
344 2932 463 2958 «lando.
502 2933 534 2965 cl)
560 2933 601 2959 W
630 2932 807 2958 habentur.
854 2933 884 2965 o)
908 2933 1003 2959 1³0th
1030 2934 1070 2959 W
1098 2932 1230 2965 oppido.
1279 2932 1302 2959 su
1325 2932 1367 2957 So
1394 2933 1446 2961 w:
1476 2932 1558 2958 (1111111
1593 2933 1637 2958 111·
1661 2932 1715 2958 hul
1737 2931 1844 2957 ltinlr‘r

73 2978 369 3004 transmittuntur:
404 2982 440 3005 nt
462 2979 508 3004 sic
530 2979 622 3011 loges
645 2979 798 3004 sciantur
820 2979 851 3004 in
874 2979 1047 3004 autentica
1072 2979 1111 3004 (le
1134 2978 1304 3004 mandalis
1326 2978 1511 3011 principum
1535 2978 1716 3004 collatione
1740 2978 1842 3003 tortia,

73 3024 206 3057 oppido.
258 3028 289 3059 g)
316 3027 357 3053 W
375 3026 510 3054 habent.
561 3026 594 3060 li)
617 3026 659 3054 So
686 3027 727 3053 W
756 3026 824 3052 mul
845 3028 899 3053 ΒΓ.
952 3026 973 3057 i)
993 3027 1040 3052 Βν
1066 3026 1126 3051 vel.
1178 3026 1210 3059 k)
1238 3026 1278 3053 W
1303 3029 1455 3058 possunt.
1504 3026 1528 3059 l)
1549 3026 1596 3051 B»-
1623 3025 1684 3050 vel.
1734 3026 1778 3058 m)
1807 3025 1844 3050 11'

74 3071 288 3098 reformatur.

145 3141 284 3167 Finke
325 3142 410 3168 Acta
434 3141 565 3168 concilii
589 3141 866 3168 Constanciensis
887 3142 939 3168 ΙΙΙ.
1573 3123 1625 3163 41
