2178 3404
125 185 164 219 E.
216 184 407 217 Benedikt
426 184 523 217 XIII.
552 194 586 216 u.
614 183 647 216 d.
676 183 813 216 Konzil
842 193 874 215 v.
902 182 936 215 d.
961 181 1215 215 Subtraktion
1245 182 1303 215 bis
1330 192 1359 214 z.
1381 181 1497 216 Wahl
1525 181 1690 214 Martius
1711 181 1753 214 V.
1812 172 1898 213 587

122 293 412 334 continencie
458 292 813 343 subsequentis:
864 291 1144 332 Beatissime
1189 294 1337 342 pater.
1383 286 1510 341 etc.ยน)
1573 290 1673 340 Qua
1713 290 1894 340 quidem

120 363 282 405 cedula
329 363 537 414 prolecta
586 363 739 404 dictus
785 362 824 402 d.
875 362 1293 402 reverendissinms
1341 361 1588 403 cardinalis
1635 373 1671 401 s.
1712 360 1896 411 Georgii

119 446 204 475 suo
258 436 306 475 et
368 433 707 484 requirencium
762 433 807 473 in
860 432 1045 483 prefata
1103 433 1263 473 cedula
1328 434 1656 473 contentorum
1711 432 1895 472 nomine

120 504 364 556 requisivit
417 516 491 544 me
544 503 894 554 infrascriptum
943 505 990 543 et
1044 514 1360 553 quoscumque
1409 503 1526 543 alios
1575 502 1787 543 notarios
1836 502 1895 541 ibi

118 576 380 626 presentes,
443 575 496 615 ut
549 574 603 614 de
656 573 878 625 predictis
941 584 1082 613 unum
1137 575 1183 614 et
1236 573 1367 624 plura
1429 573 1792 613 instrumentum
1849 575 1897 613 et

118 646 432 687 instrumenta
487 645 761 686 conficerem
815 646 863 685 et
917 642 1200 686 conficerent
1253 644 1411 694 eisque
1460 646 1507 684 et
1560 656 1719 684 eorum
1771 644 1895 684 cuili-

118 717 210 769 bet,
258 729 361 758 cum
405 716 615 768 requisiti
654 717 815 756 essent
848 716 896 756 et
937 727 1106 766 essem,
1149 715 1257 755 illud
1291 726 1374 755 seu
1407 715 1483 755 illa
1526 714 1761 755 traderem
1797 715 1894 755 sive

118 788 373 829 traderent.

232 870 360 912 Tunc
406 870 446 910 d.
492 870 772 911 Franciscus
827 869 881 909 de
936 868 1126 910 Aranda
1177 868 1382 919 dirigens
1437 867 1578 908 verba
1629 880 1714 908 sua
1767 868 1892 909 dicto

113 941 416 982 sanctissimo
451 941 491 981 d.
526 952 567 980 n.
603 952 720 990 pape
755 940 884 991 dixit,
920 940 1042 991 quod
1074 940 1172 990 ipse
1206 939 1361 980 fuerat
1407 951 1509 980 cum
1546 939 1682 980 dictis
1717 940 1757 979 d.
1794 951 1892 980 car-

112 1011 340 1053 dinalibus
374 1014 421 1053 et
454 1011 555 1052 aliis
578 1011 770 1062 prelatis
805 1011 849 1051 in
874 1011 1217 1061 supplicacione
1243 1010 1633 1061 continenciumss)
1656 1011 1699 1050 in
1732 1011 1893 1051 cedula

112 1083 320 1132 predicta
354 1084 401 1123 et
434 1082 554 1133 quod
587 1082 707 1122 idem
741 1082 890 1123 eciam
925 1081 1219 1132 supplicabat
1253 1081 1307 1122 de
1354 1081 1574 1132 presenti.
1638 1081 1890 1132 Requirere

113 1155 271 1194 autem
304 1165 389 1194 nec
423 1153 677 1204 protestari
710 1165 802 1193 non
837 1153 1087 1203 spectabat
1120 1152 1178 1193 ad
1211 1164 1330 1203 eum,
1365 1164 1469 1192 cum
1502 1164 1594 1193 non
1627 1154 1757 1192 esset
1792 1164 1890 1202 pre-

110 1223 250 1275 latus,
285 1225 470 1265 attenta
504 1224 773 1265 condicione
806 1235 1004 1274 persone
1039 1235 1134 1264 sue.
1199 1223 1323 1263 Idem
1358 1223 1474 1264 dixit
1503 1222 1816 1264 effectualiter
1849 1223 1889 1263 d.

111 1294 277 1335 Petrus
312 1294 532 1336 Comollis
567 1294 893 1335 subdiaconus.

226 1377 431 1418 Tandem
467 1377 508 1417 d.
541 1389 583 1417 n.
618 1389 738 1428 papa
777 1377 1029 1428 quemlibet
1075 1377 1487 1418 circumstancium
1533 1377 1718 1417 intuens
1767 1377 1889 1427 cepit

107 1459 298 1498 querere
332 1448 389 1488 ab
434 1448 784 1499 archiepiscopo
820 1447 1247 1498 Cesaraugustuno,
1292 1460 1349 1488 an
1389 1449 1487 1499 ipse
1527 1447 1795 1499 requirebat
1840 1450 1887 1488 et

106 1518 476 1571 protestabatur,
521 1521 574 1560 ut
619 1519 663 1559 in
718 1519 893 1560 cedula.
958 1519 1042 1570 Qui
1091 1520 1333 1570 respondit
1379 1519 1634 1559 summissa
1678 1531 1793 1559 voce
1839 1521 1887 1559 et

105 1589 247 1641 lenta,
281 1590 403 1640 quod
449 1591 530 1639 sic,
580 1590 803 1641 allegans,
853 1590 973 1641 quod
1023 1590 1120 1640 ipse
1169 1592 1272 1630 erat
1320 1590 1543 1641 prelatus,
1592 1591 1640 1630 et
1686 1601 1743 1629 ne
1797 1590 1885 1630 sibi

104 1660 411 1710 imposterum
445 1663 609 1712 posset
642 1661 832 1711 impingi
864 1661 919 1701 de
954 1661 1193 1702 scismatis
1228 1660 1446 1701 fautoria.
1511 1660 1616 1701 Ideo
1662 1661 1707 1700 in
1747 1660 1882 1701 dictis

104 1730 411 1780 requisicione
464 1734 512 1772 et
569 1732 918 1782 protestacione
973 1745 1076 1774 cum
1131 1732 1232 1773 aliis
1291 1732 1490 1772 dominis
1548 1732 1880 1772 intervenerat.

106 1800 381 1842 Successive
415 1803 616 1853 quesivit
649 1803 705 1843 ab
741 1803 1090 1853 archiepiscopo
1125 1802 1477 1854 Terraconensi,
1511 1803 1586 1853 qui
1625 1803 1880 1854 respondit,

104 1872 226 1922 quod
258 1872 338 1913 ita.
402 1873 574 1914 lterum
609 1874 649 1914 d.
683 1886 726 1914 n.
761 1886 881 1925 papa
915 1876 1024 1925 post
1059 1874 1211 1924 aliqua
1244 1874 1389 1915 verba
1421 1874 1600 1915 directa
1633 1874 1678 1914 in
1711 1885 1879 1924 genere

103 1943 236 1993 quasi
270 1944 484 1985 omnibus
519 1945 634 1986 dixit
667 1945 708 1986 d.
744 1944 1180 1996 Cesaraugustano:
1228 1945 1449 1986 Caveatis
1483 1945 1630 1986 vobis.
1696 1944 1741 1985 Si
1787 1957 1878 1985 non

102 2013 219 2053 estis
252 2014 297 2054 in
332 2015 576 2065 oppinione
611 2028 714 2057 cum
749 2016 865 2068 aliis,
899 2028 991 2057 non
1025 2017 1207 2067 dicatis,
1254 2019 1328 2057 set
1372 2017 1610 2067 recipiatis
1656 2016 1878 2057 delibera-

102 2084 281 2125 cionem
314 2097 397 2136 per
425 2087 575 2127 totam
610 2088 752 2128 istam
786 2089 987 2129 noctem.
1053 2087 1259 2129 Tandem
1294 2090 1403 2138 post
1436 2100 1632 2139 pausam
1679 2087 1880 2138 quesivit

100 2155 158 2195 ab
198 2156 375 2208 eodem,
422 2157 552 2198 cuius
596 2158 874 2199 intencionis
921 2161 1036 2210 erat,
1083 2159 1157 2209 qui
1202 2159 1468 2209 respondit:
1516 2158 1655 2199 Pater
1697 2160 1877 2206 sancte,

99 2237 156 2266 ex
190 2238 279 2277 quo
311 2227 460 2269 habeo
496 2229 705 2287 spacium
740 2241 884 2280 usque
920 2242 1024 2270 cras
1059 2229 1322 2271 deliberabo
1368 2232 1416 2270 et
1460 2229 1758 2280 postmodum
1807 2240 1876 2269 re-

99 2297 349 2347 spondebo.

217 2379 390 2421 Postea
423 2382 754 2423 sanctissimus
789 2382 828 2422 d.
853 2395 894 2423 n.
930 2395 1050 2433 papa
1080 2383 1208 2434 dixit,
1243 2384 1364 2434 quod
1387 2383 1661 2424 intendebat
1685 2394 1874 2432 respon-

98 2449 206 2489 dere
240 2450 297 2490 ad
330 2451 587 2500 predictam
624 2453 832 2493 cedulam
867 2456 914 2493 et
948 2454 1069 2504 quod
1102 2466 1184 2504 per
1215 2466 1284 2505 ea,
1320 2466 1406 2505 que
1441 2454 1577 2505 dicet,
1610 2453 1874 2494 110111111611-

98 2519 166 2560 dit
198 2521 414 2561 recedere
449 2521 505 2562 ab
538 2522 639 2573 hiis,
673 2534 759 2573 que
806 2524 922 2564 alias
972 2524 1100 2575 dixit,
1151 2525 1322 2565 statuit
1367 2527 1449 2565 aut
1493 2524 1873 2575 qualitercunque

97 2589 214 2637 alias
249 2591 547 2632 constituerit
580 2594 662 2633 aut
696 2594 983 2635 ordinaverit
1016 2595 1290 2645 requirendo
1326 2607 1398 2636 me
1431 2595 1782 2645 infrascriptum
1826 2596 1874 2634 et

97 2672 414 2712 quoscumque
458 2664 671 2704 notarios
706 2664 821 2705 alios
867 2665 927 2705 ibi
971 2668 1228 2717 presentes,
1275 2667 1397 2718 quod
1440 2679 1531 2707 non
1580 2666 1874 2707 clauderetur

96 2730 459 2773 instrumentum
494 2745 576 2774 seu
609 2735 923 2777 instrumenta
957 2748 1096 2787 super
1134 2737 1398 2779 huiusmodi
1442 2740 1564 2788 actu,
1610 2737 1757 2777 donec
1802 2748 1871 2776 re-

97 2812 320 2851 sponsum
355 2804 418 2844 sit
450 2816 532 2854 per
554 2817 687 2846 suam
712 2807 1031 2847 sanctitatem.
1096 2808 1398 2849 presentibus
1423 2809 1463 2849 d.
1489 2809 1707 2859 episcopo
1739 2807 1870 2847 Vasi-

96 2874 258 2914 onensi
290 2876 339 2915 et
368 2874 553 2917 ฮน1111111110
588 2877 642 2917 de
677 2877 800 2918 Loba
834 2878 1054 2928 predictis
1088 2879 1292 2920 testibus
1327 2880 1384 2920 ad
1422 2880 1654 2930 premissa
1686 2879 1870 2919 vocatis

213 3010 245 3043 a)
264 3010 313 3037 Hs
334 3012 555 3038 contenciuin.

215 3070 238 3115 ยน)
265 3072 340 3116 Vyl.
370 3073 430 3107 (lic
457 3075 584 3119 vorc'ye
610 3075 675 3109 Nr.
