2178 3404
64 176 101 211 E.
154 173 344 210 Benedikt
363 174 461 209 XIII.
491 186 524 207 u.
553 173 586 208 (1.
613 173 747 207 Kouzil
778 185 809 206 v.
839 174 872 207 (1.
902 176 1153 209 Subtraktion
1183 178 1241 210 bis
1269 190 1298 211 z.
1319 179 1432 213 Wahl
1462 179 1627 211 Martum
1651 179 1691 210 Y.
1750 171 1829 212 541

182 286 316 335 Loca,
350 285 405 325 de
440 284 603 335 quibus
638 286 858 335 poterunt
892 288 1191 339 concordare,
1225 289 1331 328 sunt
1368 288 1641 338 sequencia:

179 356 386 396 Massilia
420 367 523 397 cum
558 356 845 397 monasterio
877 358 1028 397 sancti
1064 358 1281 399 Victoris.

179 427 309 467 Nicia
343 438 445 467 cum
480 426 582 467 loco
618 426 760 467 Portu
795 427 850 467 de
886 426 1215 469 Villafranclla.

180 497 328 538 Locus
363 497 418 537 de
452 496 678 538 Monacho
714 509 816 538 cum
851 498 1002 548 aliquo
1038 499 1127 539 alio
1161 499 1430 550 propinquo.

180 568 346 609 Saona.

182 636 358 691 Pisasst)
391 651 494 679 cum
530 639 757 681 Liburnio.

182 710 358 750 Civitas
393 709 562 750 Vetula
596 722 697 762 cum
735 711 886 762 aliquo
920 711 1023 752 loco
1058 712 1328 762 propinquo.

68 860 190 915 (235)
222 862 398 905 Cedula
436 863 521 916 fiir
561 864 646 904 (lew
682 862 950 916 Erebi-selles
984 877 1067 905 ‘ron
1107 864 1404 918 Tawsfflomt:
1444 865 1667 906 Bonam-f
1708 865 1840 906 XIII.

208 934 300 987 gsibt
340 935 498 975 sce'uen
530 933 868 975 Proh-nawzmren
918 936 1017 975 cine
1050 934 1186 976 Bulla
1226 949 1282 977 :⁷2ss
1325 936 1711 987 Vel-lmmalarumve
1757 938 1839 977 ‘luiz‘

210 1006 299 1046 den
330 1003 653 1046 Koozsz‘anzcrn
693 1005 804 1046 ‘iiber
835 1005 1022 1047 Zosas-[osu
1063 1007 1165 1047 mn]
1207 1006 1245 1046 n
1262 1008 1356 1052 (del,
1401 1008 1499 1048 eim
1540 1008 1688 1047 ,tu-eise
1729 1007 1840 1047 smm-

216 1075 291 1116 Ort
322 1076 423 1116 ΝΜ]
454 1074 548 1116 Zce’t
580 1076 662 1116 der
704 1075 852 1127 wahl,
888 1075 998 1117 aber
1029 1077 1094 1117 sie
1125 1081 1310 1118 veiis-sen
1346 1079 1591 1125 sclua-(nvn,
1628 1090 1719 1117 mm·
1751 1079 1836 1118 den

211 1147 319 1188 oder
359 1147 432 1187 die
472 1147 519 1187 vcin
565 1148 646 1188 (lor
680 1148 973 1199 luins-{lichen-
1014 1147 1296 1189 Instruk‘le'ou
1340 1150 1602 1202 {salariensem
1643 1149 1743 1189 (Ji-fe
1784 1162 1836 1188 :a

210 1218 404 1258 waldem.
471 1217 605 1267 (1416
636 1218 753 1258 mich
790 1216 924 1258 Mare
956 1218 1016 1263 9.)

184 1299 292 1335 Rom,
326 1297 450 1332 Vatetlc.
480 1298 587 1332 Ribl..
619 1298 708 1332 Coa.
734 1300 828 1331 4904
852 1298 879 1341 f.
907 1299 1003 1331 2:001·
1030 1301 1116 1333 nm!
1140 1300 1220 1334 297.

185 1372 299 1413 Item
344 1374 454 1423 post
495 1372 578 1413 hec
622 1373 661 1412 d.
698 1371 1033 1413 'I'erraconensi
1077 1373 1165 1414 suit
1204 1374 1380 1414 tradita
1423 1374 1584 1415 cedula
1627 1385 1842 1424 sequens.

182 1444 407 1484 Dominus
449 1445 613 1483 noster
658 1456 777 1494 papa
820 1443 946 1483 dabit
994 1444 1173 1485 nunciis
1217 1447 1265 1484 et
1310 1444 1695 1493 procuratoribus
1740 1445 1838 1485 suis

67 1514 307 1555 mittendis
342 1515 607 1565 potestates
642 1516 907 1565 sequentes.

186 1597 338 1638 Primo
379 1609 460 1648 per
498 1597 684 1649 bullam,
719 1598 840 1648 quod
881 1598 1063 1648 possint
1103 1600 1326 1649 tractare,
1367 1599 1653 1639 concordare
1686 1600 1735 1639 et
1766 1598 1840 1639 fir-

67 1680 195 1709 mare
229 1668 284 1708 de
317 1668 455 1708 modo
491 1670 538 1708 et
561 1671 771 1719 tempore
806 1681 888 1709 sue
913 1669 1140 1709 cessionis
1174 1668 1321 1709 fiende
1345 1672 1391 1709 et
1426 1669 1577 1710 forma
1600 1670 1840 1710 electionis

67 1739 122 1779 (16
165 1751 348 1779 summo
392 1739 609 1789 pontifice
652 1742 756 1789 post
803 1740 974 1780 dictam
1011 1740 1269 1781 cessionem
1305 1740 1578 1780 celebrande
1613 1741 1740 1780 iuxta
1777 1741 1840 1780 in-

67 1810 355 1851 structiones
390 1810 526 1850 dictis
560 1811 739 1850 nunciis
780 1813 823 1851 et
860 1811 1243 1861 procurat(»ribus
1284 1811 1551 1860 tradendas,
1593 1823 1678 1862 que
1711 1812 1842 1851 iuxta

69 1893 148 1931 per
181 1881 392 1922 eumdem
437 1881 669 1921 dominum
712 1883 925 1922 nostrum
971 1881 1129 1922 oblata
1165 1884 1385 1932 poterunt
1428 1882 1628 1922 ordinari
1664 1884 1708 1921 et
1744 1882 1842 1922 dari

68 1964 148 2003 per
181 1952 366 1993 bullam.

186 2023 299 2063 Item
335 2022 463 2064 dabit
496 2023 677 2073 plenam
714 2025 1001 2074 potestatem
1036 2035 1118 2074 per
1157 2023 1293 2064 aliam
1329 2023 1498 2064 bullam
1534 2023 1845 2064 effectualiter

69 2095 400 2145 continentem,
435 2094 570 2145 quod,
606 2096 853 2145 postquam
886 2094 1053 2144 prefati
1086 2094 1239 2135 nuncii
1274 2095 1321 2134 et
1354 2096 1687 2144 procuratores
1721 2096 1844 2134 trac-

70 2165 276 2206 taverint
308 2166 356 2205 et
389 2165 778 2205 concordaverint
806 2165 860 2205 de
894 2165 1032 2205 modo
1066 2167 1114 2205 et
1147 2166 1357 2215 tempore
1386 2165 1614 2205 cessionis
1648 2167 1695 2205 et
1728 2165 1844 2204 elec-

71 2236 211 2276 tionis
244 2235 558 2287 predictarum
592 2236 722 2276 iuxta
756 2238 1043 2286 potestatem
1069 2236 1135 2276 eis
1170 2236 1408 2287 traditam,
1443 2236 1498 2276 de
1531 2247 1621 2286 qua
1656 2238 1842 2276 constat

70 2318 152 2357 per
182 2306 368 2357 bullam,
409 2306 568 2347 datam
612 2307 693 2347 tali
729 2307 844 2358 loco,
888 2307 958 2347 (116
992 2308 1040 2347 et
1074 2319 1209 2357 anno,
1251 2307 1435 2357 possint
1478 2308 1525 2346 et
1567 2306 1757 2347 valeant
1791 2306 1846 2345 de

70 2377 172 2418 loco
206 2377 278 2417 vel
322 2377 437 2417 locis
471 2379 519 2416 et
561 2378 771 2427 tempore
806 2390 859 2417 ac
903 2376 1250 2426 securitatibus,
1286 2378 1424 2426 prout
1467 2376 1534 2416 eis
1580 2376 1651 2416 vel
1686 2388 1845 2416 eorum

72 2448 236 2488 maiori
269 2448 390 2498 parti
427 2447 575 2487 visum
610 2447 764 2497 suerit,
800 2449 1022 2497 tractare,
1057 2447 1342 2487 concordare
1376 2449 1423 2486 et
1456 2446 1654 2486 firmare.

192 2517 250 2557 Et
272 2518 381 2558 licet
403 2517 586 2568 prefata
612 2519 826 2568 potestas
852 2518 914 2557 sit
936 2518 1167 2568 generalis
1188 2518 1245 2557 ad
1267 2518 1369 2567 hoc,
1394 2519 1445 2557 ut
1470 2517 1844 2558 adversariorum

74 2599 269 2640 maliciis
303 2600 519 2639 obvietur
551 2602 598 2639 et
630 2601 682 2640 ut
715 2600 1018 2650 provideatur
1051 2600 1175 2640 circa
1209 2600 1362 2650 aliqua
1401 2601 1736 2640 concernencia
1769 2600 1848 2640 bo-

75 2682 181 2710 num
207 2671 386 2720 negocii
411 2670 607 2720 unionis,
643 2672 798 2710 tamen
826 2670 992 2720 prefati
1017 2670 1169 2711 nuncii
1194 2672 1241 2710 et
1265 2672 1596 2720 procuratores
1631 2670 1850 2711 iurabunt

75 2743 122 2781 et
157 2741 443 2780 sentenciam
485 2740 938 2781 excmnunicacionis
972 2741 1015 2780 in
1050 2753 1100 2781 se
1139 2741 1409 2792 suscipient,
1454 2741 1572 2791 quod
1609 2741 1663 2781 (16
1699 2741 1851 2791 aliquo

76 2812 176 2852 loco
211 2823 300 2852 non
337 2811 688 2852 concordabunt
721 2812 808 2851 nisi
844 2811 898 2851 de
933 2824 1023 2852 uno
1058 2812 1113 2851 de
1146 2812 1399 2852 nominatis
1434 2824 1514 2862 per
1543 2812 1737 2852 eundem
1774 2812 1852 2852 (10-

76 2882 247 2922 minum
292 2883 521 2933 nostrum,
566 2894 651 2932 que
698 2884 919 2932 poterunt
960 2883 1153 2932 exprimi
1196 2883 1239 2922 in
1285 2882 1673 2923 instructionibus
1718 2883 1850 2922 iuxta

76 2964 157 3003 per
190 2953 340 3003 ipsum
376 2953 612 2993 dominum
646 2954 860 2992 nostrum
897 2952 1056 2993 oblata
1088 2952 1265 2992 fiendis
