2178 3404
316 146 641 189 Anklageartikel
670 145 747 178 und
774 146 1133 188 Zeugenaussagen
1160 154 1287 187 gegen
1313 143 1469 177 Johann
1498 142 1635 175 XXIII.

152 253 258 295 LIV.
292 255 407 296 Item
447 254 568 305 quod
606 256 797 304 propter
839 266 938 304 pre-

92 327 238 367 missa
272 358 280 366 .
316 357 324 365 .
359 357 367 365 .
401 337 469 376 ep.
504 324 863 366 Sarisberiensis
893 326 937 364 et

64 387 167 439 “alii
209 428 217 436 .
253 428 261 437 .
297 430 304 437 .
345 396 468 447 regis
518 394 681 445 Anglie
734 395 939 435 illustres

93 467 463 510 ambassiatores
498 466 538 506 d.
571 465 831 506 Johannem
863 478 940 515 pa-

93 551 199 590 pam
223 537 380 578 XXIII.
413 538 695 578 monuerunt
722 538 769 577 et
804 536 944 577 corri-

92 610 292 667 puerunt
325 607 586 657 caritative,
627 607 944 657 supplicantes

93 679 254 731 eidem,
288 679 411 730 quod
444 678 707 729 symoniam
738 679 785 718 et
808 678 944 718 bene-

92 751 301 792 ficiorum
340 749 661 790 vendicionem
705 749 945 789 desereret

93 823 141 862 et
173 833 223 862 se
257 821 302 861 in
336 821 437 862 vita
470 822 518 861 et
550 820 757 861 moribus
791 831 944 860 emen-

94 892 242 943 daret,
278 923 286 932 .
322 923 330 932 .
366 923 374 932 .
408 891 621 942 quodque
655 890 752 941 ipse
794 890 834 929 d.
867 889 945 931 Jo-

93 962 271 1003 hannes
282 961 607 1012 incorrigibilis
621 960 776 1002 factus
789 960 946 1001 huius-

93 1033 217 1074 modi
268 1033 448 1074 monita
493 1032 722 1073 salutaria
768 1032 944 1082 sprevit

93 1105 336 1155 ipsumque
369 1105 417 1144 et
441 1103 556 1144 alios
581 1103 789 1154 prelatos
820 1103 947 1143 duris

93 1177 141 1216 et
175 1175 355 1226 asperis
378 1174 533 1216 verbis
557 1174 764 1215 minatus
787 1176 857 1215 est
880 1205 887 1213 .
910 1205 917 1213 .
939 1205 946 1213 .

153 1266 235 1309 LV.
285 1269 398 1310 Item
450 1269 573 1320 quod
618 1268 780 1309 deinde
825 1300 833 1308 .
881 1300 888 1308 .

94 1353 214 1392 papa
265 1340 323 1381 ad
368 1339 699 1381 Constanciam
754 1340 944 1380 veniens

94 1413 204 1463 post
236 1411 450 1452 diversas
485 1411 831 1462 persuasiones,
867 1423 944 1451 ex-

93 1483 392 1524 hortaciones
438 1484 486 1523 et
527 1482 785 1533 rogamina,
833 1515 841 1523 .
888 1514 895 1522 .
937 1513 944 1521 .

94 1555 146 1594 ut
191 1565 352 1604 pacem
398 1553 593 1594 ecclesie
639 1553 787 1604 daret,
835 1585 842 1593 .
888 1585 895 1593 .
936 1584 943 1593 .

94 1625 165 1665 die
237 1624 423 1665 sabbati
495 1624 700 1665 secunda
771 1624 946 1664 mensis

95 1695 253 1736 Marcii
288 1728 296 1736 .
341 1727 349 1736 .
394 1727 402 1735 .
448 1695 677 1746 promisit,
723 1695 855 1736 vovit
900 1697 947 1735 et

94 1766 267 1807 iuravit
298 1798 306 1806 .
334 1799 341 1807 .
368 1799 375 1807 .
411 1766 522 1807 dare
556 1778 717 1817 pacem
753 1766 946 1807 ecclesie

95 1850 175 1889 per
197 1838 321 1878 viam
347 1869 354 1878 .
391 1869 399 1878 .
435 1870 443 1878 .
480 1837 706 1879 cessionis
732 1840 946 1888 papatuS,

208 1941 215 1949 .
262 1911 400 1960 prout
444 1909 489 1949 in
539 1908 737 1959 quadam
786 1909 948 1949 cedula

95 1980 378 2032 conscripta,
402 1992 541 2031 quam
567 2011 575 2019 .
603 2012 610 2020 .
636 2011 644 2019 .
668 1979 794 2031 legit,
828 1980 948 2020 iura-

95 2051 177 2103 vit,
213 2082 220 2091 .
257 2083 266 2092 .
301 2082 309 2091 .
343 2053 392 2091 et
425 2051 515 2092 alia
548 2050 660 2092 fecit
695 2082 702 2090 .
739 2082 746 2090 .
783 2083 791 2091 .

155 2130 260 2174 LVI.
294 2134 410 2174 Item
435 2133 718 2174 denunciant
743 2166 750 2174 .
778 2166 785 2174 .
812 2165 819 2173 .
845 2146 948 2184 pro-

96 2206 320 2256 motores,
356 2205 478 2255 quod
501 2204 542 2244 d.
564 2204 804 2245 ‚Iohannes
830 2217 949 2255 papa

97 2288 147 2316 se
180 2276 284 2316 huic
319 2288 455 2317 sacro
497 2276 690 2317 concilio
731 2275 949 2316 submisit

97 2348 145 2387 et
167 2346 266 2386 eius
290 2346 527 2386 sentencie
555 2348 603 2386 et-
629 2346 795 2387 iudicio
821 2348 950 2386 stare

98 2417 313 2468 promisit
346 2417 390 2457 in
416 2417 630 2457 omnibus
664 2419 711 2457 et
742 2417 949 2467 singulis,

99 2500 185 2538 que
210 2487 444 2538 pertinent
478 2487 535 2527 ad
562 2487 946 2527 reformacionem

98 2558 292 2599 ecclesie
326 2559 420 2598 tam
457 2558 501 2597 in
545 2558 697 2608 capite
733 2570 870 2608 quam
905 2558 949 2597 in

100 2627 321 2669 membris
357 2660 365 2668 .
402 2660 409 2668 .
445 2659 453 2667 .

1779 132 1861 174 197

1071 252 1158 293 Die
1190 253 1344 293 Ieierzn
1384 252 1626 304 {schore'gyen
1661 250 1863 303 Zeugm-

1014 336 1251 376 (mssagyen
1281 324 1423 364 meten
1455 321 1535 363 Nr.
1571 320 1744 362 LXIII.

1081 1265 1187 1307 LIV.
1253 1265 1425 1308 Omnes
1502 1267 1652 1306 testes
1716 1264 1875 1305 dicunt

1022 1339 1267 1380 articulum
1284 1349 1443 1378 verum
1466 1338 1683 1387 respectu
1702 1334 1874 1383 cedule,

1021 1412 1068 1450 et
1103 1409 1225 1450 bulla
1259 1420 1398 1459 super
1422 1408 1509 1449 hoc
1533 1406 1620 1448 fuit
1645 1405 1875 1447 confecta.

1022 1477 1120 1533 [De]
1152 1479 1330 1521 Ursinis
1363 1479 1473 1519 dicit
1503 1489 1607 1518 eum
1640 1477 1870 1528 publicum

1021 1554 1065 1592 et
1090 1551 1340 1592 notorium.
1376 1548 1739 1600 Cephaludensis
1763 1547 1874 1587 dicit

1023 1622 1269 1663 articulum
1315 1632 1477 1661 verum
1523 1622 1570 1660 et
1622 1618 1872 1659 notorium.

1024 1692 1279 1733 Laudensis
1303 1704 1372 1742 ep.
1399 1702 1572 1741 verum,
1597 1690 1704 1741 quia
1732 1689 1872 1729 inter-

1022 1764 1122 1814 fuit,
1156 1764 1273 1804 vidit
1305 1765 1353 1803 et
1387 1762 1578 1812 audixdt,
1617 1762 1669 1801 ut
1704 1759 1873 1800 articu-

1022 1836 1158 1876 latur.
1224 1833 1462 1875 Olorensis
1487 1832 1598 1873 dicit
1627 1831 1873 1872 articulum

1024 1918 1199 1957 verum,
1264 1905 1371 1956 quia
1434 1915 1627 1955 presens
1687 1902 1775 1942 fuit
1827 1902 1875 1941 et

1025 1977 1216 2019 audivit.

1084 2127 1169 2170 LV.
1212 2129 1461 2171 (¹orrector
1493 2128 1605 2169 dicit
1629 2126 1872 2168 articulum

1025 2214 1200 2252 verum,
1225 2201 1331 2251 quia
1354 2200 1442 2240 fuit
1464 2210 1672 2250 presens.
1693 2197 1875 2237 ('unczo

1024 2273 1135 2313 dicit
1184 2271 1426 2312 articulum
1479 2281 1654 2310 verum.
1736 2267 1875 2307 Nardi

1025 2344 1134 2384 dicit
1169 2342 1413 2383 articulum
1441 2352 1615 2390 verum,
1646 2338 1874 2389 publicum

1025 2417 1073 2455 et
1125 2413 1375 2454 notorium.
1455 2411 1587 2452 ([¹ard.
1643 2408 1876 2450 Ostiensis

1026 2485 1137 2525 dicit
1153 2484 1399 2524 articulum
1420 2493 1594 2532 verum,
1608 2481 1714 2531 quia
1736 2480 1876 2519 inter-

1025 2556 1113 2596 fuit
1160 2557 1205 2595 et
1257 2553 1446 2594 audivit.
1531 2547 1629 2604 {De}
1686 2550 1877 2601 Ursinis,

1026 2626 1148 2677 quod
1181 2628 1257 2665 est
1300 2636 1440 2665 verus
1487 2623 1725 2673 articulus,
1773 2621 1879 2672 quia

1026 2697 1113 2738 fuit
1159 2707 1353 2747 presens
1399 2696 1447 2735 et
1499 2694 1689 2734 audivit.
1754 2693 1878 2743 Deys

1029 2768 1140 2808 dicit
1175 2766 1421 2807 articulum
1459 2777 1634 2806 verum.
1681 2764 1747 2804 De
1772 2762 1878 2802 Vin-

1030 2840 1099 2880 cio
1114 2838 1225 2879 dicit
1237 2838 1291 2878 de
1305 2837 1465 2877 auditu
1479 2835 1878 2877 cubiculariorum.

1031 2910 1293 2950 Wolmarus
1328 2908 1451 2958 dicit,
1476 2907 1597 2958 quod
1620 2908 1695 2946 est
1718 2917 1877 2945 verum

1030 2983 1078 3021 et
1111 2980 1213 3021 scit.
1259 2979 1312 3019 H.
1336 2978 1476 3019 Kuwt
1499 2978 1610 3018 dicit
1634 2976 1879 3017 articulum

1030 3062 1205 3093 verum.
1226 3050 1512 3091 Procurator
1535 3047 1709 3089 ordinis
1734 3046 1880 3086 Theo-
