2178 3404
124 199 165 232 E.
215 198 406 232 Benedikt
425 197 523 230 XIII.
552 208 586 230 u.
614 196 648 229 d.
672 195 809 229 Konzil
837 206 871 228 v.
900 195 934 227 d.
962 193 1215 227 Subtraktion
1242 193 1302 226 bis
1329 204 1359 226 Z.
1381 192 1494 226 Wahl
1524 192 1687 225 Martius
1708 192 1751 225 V.
1809 183 1894 223 (503

124 309 260 350 aliam
286 307 579 349 occasionem
606 305 955 356 provenientem
979 304 1094 343 fides
1120 303 1351 343 catholica
1374 301 1554 342 ledItur.
1605 300 1683 341 Set
1721 303 1767 341 ut
1796 313 1894 350 pre.-

124 379 306 420 cidatur
327 377 527 418 materia
550 375 831 426 disputandi,
861 386 1091 424 suspensa
1115 374 1173 414 ad
1196 384 1389 423 presens
1420 372 1731 413 altercacione
1757 384 1896 421 super

126 450 251 490 dicta
275 448 600 498 submissione,
625 447 712 486 hoc
738 447 915 486 certum
943 447 989 485 et
1013 445 1189 484 clarum
1214 444 1428 493 resultat,
1454 443 1723 483 beatissime
1748 444 1894 493 pater,

123 520 245 570 quod
287 520 413 559 iusta
453 519 528 559 est
571 516 867 567 supplicacio,
913 516 1080 556 bonum
1126 516 1201 555 est
1247 514 1489 554 consilium
1523 516 1567 553 et
1613 515 1779 554 sancta
1821 515 1895 553 est

122 589 368 641 requisicio
402 590 451 629 et
495 587 701 627 exaudiri
736 586 1007 626 meruerunt
1052 587 1099 624 et
1144 586 1384 624 merentur
1432 584 1632 634 omnino,
1679 583 1895 623 videlicet

122 660 178 701 de
212 659 424 700 sessione
464 657 665 698 tenenda
711 658 791 697 aut
826 655 1116 697 sessionibus
1165 654 1378 695 tenendis
1424 655 1655 705 generalis
1702 654 1895 704 concilii,

121 732 169 771 et
202 730 325 781 quod
357 740 497 780 super
529 727 803 779 supplicatis
837 728 885 767 et
909 726 1136 767 consultis
1171 727 1217 765 et
1242 725 1357 776 aliis,
1382 737 1468 776 que
1493 737 1671 776 pacem,
1695 725 1892 765 salutem

122 813 176 842 ac
222 802 402 841 statum
448 799 595 840 totius
645 797 1007 839 christianitatis
1053 798 1101 837 et
1146 796 1424 836 universalis
1473 796 1668 836 ecclesie
1713 795 1895 836 notorie

123 871 423 921 concernunt,
448 881 551 910 cum
576 869 700 910 dicto
725 868 919 909 concilio
943 867 1106 908 eadem
1131 867 1363 907 sanctitas
1388 866 1643 907 deliberare
1667 866 1895 916 dignetur.

121 941 214 982 Nec
248 940 409 982 obstat
441 940 566 981 dicta
598 939 868 981 reverencia
900 938 1057 979 humili
1092 939 1330 989 preeunte,
1365 937 1486 988 quod
1518 937 1562 977 in
1587 937 1710 978 dicta
1735 938 1896 976 vestra

120 1011 425 1062 responsione
449 1011 629 1061 dicitur,
662 1010 879 1051 videlicet
903 1009 1025 1060 quod
1047 1020 1131 1049 nec
1157 1008 1349 1059 prelatis
1373 1020 1457 1048 nec
1483 1008 1583 1048 aliis
1614 1007 1895 1048 notabilibus

123 1082 338 1134 personis
381 1084 456 1122 est
497 1082 612 1122 liber
643 1082 885 1132 ingressus
931 1082 1020 1120 etc.
1086 1080 1215 1129 Nam,
1261 1079 1534 1119 beatissime
1579 1080 1727 1129 pater,
1763 1078 1895 1118 vobis

119 1153 349 1194 incertum
384 1154 472 1203 est,
506 1153 628 1203 quod
661 1152 826 1203 prelati
862 1153 909 1191 et
942 1151 1031 1202 alii,
1066 1151 1139 1201 qui
1175 1150 1233 1191 ad
1267 1150 1529 1190 sessionem
1564 1149 1675 1189 dicti
1716 1148 1895 1189 concilii

122 1223 297 1265 fuerint
328 1235 410 1274 per
442 1235 528 1264 vos
569 1223 770 1274 evocati,
815 1224 1035 1262 recusent
1084 1223 1167 1262 aut
1211 1221 1524 1271 impediantur
1569 1220 1740 1269 venire,
1787 1231 1895 1270 ymo

121 1306 227 1335 esse
260 1295 435 1345 potest,
470 1294 593 1345 quod
627 1293 801 1334 nullum
835 1293 902 1333 eis
936 1292 1318 1342 impedimentum
1353 1292 1558 1342 paretur.
1624 1289 1893 1340 Supplicant

121 1376 232 1416 ergo
268 1364 378 1405 dicti
413 1364 673 1405 cardinales
708 1365 756 1404 et
796 1363 1047 1404 consulunt
1080 1364 1219 1413 atque
1264 1362 1507 1413 requirunt
1552 1361 1801 1411 humiliter,
1847 1362 1893 1400 ut

120 1434 267 1476 faciat
298 1435 461 1475 eadem
486 1435 734 1486 sanctitas,
764 1434 885 1485 quod
918 1434 963 1473 in
987 1446 1037 1473 se
1061 1435 1148 1484 est,
1184 1433 1364 1473 scilicet
1387 1432 1687 1473 vocacionem
1721 1442 1895 1481 eorum,

121 1517 239 1557 quos
272 1506 486 1558 voluerit,
520 1518 658 1557 quam
692 1505 848 1546 facere
882 1505 925 1544 in
967 1506 1127 1545 vestra
1161 1505 1405 1554 permanet
1444 1502 1684 1544 facultate.
1750 1501 1896 1551 Super

122 1576 308 1617 residuo
343 1588 454 1617 vero
489 1576 735 1627 provideat
768 1576 906 1616 Deus.
972 1575 1042 1615 Ad
1078 1574 1410 1615 consulendum
1438 1576 1609 1624 autem,
1635 1573 1895 1623 supplican—

121 1647 229 1687 dum
263 1649 311 1688 et
344 1647 669 1698 requirendum
703 1646 801 1687 fieri
841 1646 885 1686 in
924 1646 1049 1686 dicto
1091 1645 1284 1685 concilio
1325 1645 1671 1695 purgacionem,
1712 1644 1766 1683 de
1807 1655 1897 1694 qua

121 1718 175 1758 fit
206 1718 386 1758 mencio
421 1718 465 1758 in
500 1718 739 1768 sepedicta
770 1717 944 1767 cedula,
978 1718 1227 1756 moventur
1251 1716 1361 1755 dicti
1387 1715 1647 1756 cardinales
1671 1727 1728 1755 ex
1753 1726 1896 1755 causa

120 1788 289 1829 ibidem
323 1800 562 1840 expressa,
597 1787 776 1828 scilicet
807 1790 1000 1838 proptor
1037 1799 1182 1837 grave
1218 1786 1505 1837 scandalum,
1546 1797 1739 1836 gravem
1780 1784 1894 1826 infa-

124 1860 264 1900 miam
298 1860 346 1899 et
379 1859 693 1910 suspicionem
733 1858 1072 1909 vehementem,
1114 1870 1214 1909 que,
1261 1858 1385 1898 dicta
1428 1857 1584 1897 humili
1628 1857 1897 1897 reverencia

122 1930 336 1982 repetita,
378 1931 488 1970 sunt
527 1929 623 1970 fere
662 1929 944 1981 generaliter
984 1929 1105 1979 apud
1146 1941 1308 1969 omnes
1357 1927 1683 1969 christifideles
1730 1930 1895 1968 contra

121 2001 315 2041 eandem
350 2001 655 2041 sanctitatem
680 2000 735 2041 de
768 2000 973 2041 fautoria
1006 2000 1255 2041 inveterati
1285 1999 1524 2039 scismatis
1549 2000 1597 2039 et
1624 1999 1896 2039 turbacione

121 2071 317 2112 ecclesie
350 2071 532 2112 unionis
566 2073 613 2112 et
647 2071 901 2112 secundum
936 2071 1109 2112 multos
1144 2071 1291 2111 eciam
1327 2070 1381 2110 de
1416 2070 1645 2111 catholica
1680 2069 1789 2109 fide:
1830 2069 1894 2109 De

122 2142 286 2193 quibus
320 2142 502 2193 quidem
539 2141 807 2182 criminibus
842 2143 1008 2182 contra
1042 2153 1127 2182 vos
1163 2141 1430 2191 proceditur
1463 2152 1544 2190 per
1577 2140 1750 2180 dictam
1788 2152 1894 2179 con-

121 2213 449 2263 gregacionem
479 2212 909 2263 Constanciensem,
945 2213 1015 2252 cui
1049 2212 1173 2253 nulla
1209 2223 1319 2252 cura
1353 2213 1429 2252 est
1461 2211 1716 2251 deliberare
1757 2222 1897 2260 super

122 2283 209 2324 loci
240 2284 578 2335 controversia,
604 2286 678 2324 set
701 2284 851 2324 solum
887 2283 941 2324 de
966 2283 1234 2323 criminibus
1264 2282 1599 2333 preexpressis.
1655 2281 1709 2321 Et
1736 2293 1895 2331 quam-

123 2365 276 2405 quam,
310 2353 583 2395 beatissime
617 2356 765 2405 pater,
806 2354 931 2394 dicta
972 2355 1133 2394 vestra
1178 2353 1422 2403 responsio
1470 2352 1675 2393 affirmet
1720 2352 1893 2391 dictum

124 2424 396 2465 scandalum
429 2436 521 2465 non
563 2424 663 2465 fore
708 2424 995 2475 pusillorum,
1042 2426 1115 2464 set
1161 2423 1480 2474 phariseorum
1525 2424 1629 2474 etc,
1669 2424 1896 2473 attamen,

123 2495 248 2535 dicta
281 2496 551 2535 reverencia
584 2495 741 2535 humili
774 2496 1012 2545 preeunte,
1054 2494 1250 2534 credunt
1282 2494 1391 2533 dicti
1427 2493 1687 2534 cardinales
1722 2493 1895 2533 dictam

124 2565 426 2606 sanctitatem
461 2577 568 2605 esse
601 2577 657 2605 ex
691 2566 948 2616 aliquorum
983 2577 1075 2605 non
1099 2565 1223 2605 veris
1248 2564 1556 2605 relacionibus
1580 2564 1894 2614 informatam,

123 2646 228 2675 cum
261 2635 327 2675 rei
360 2636 538 2675 veritas
563 2636 625 2675 sit
648 2636 934 2685 scandalum,
965 2635 1203 2676 infamiam
1228 2638 1275 2676 et
1299 2635 1611 2685 suspicionem
1638 2634 1892 2685 predictam

122 2717 229 2746 esse
263 2705 359 2746 fere
391 2706 671 2756 generaliter
711 2706 830 2756 apud
871 2717 1032 2745 omnes
1074 2705 1413 2756 christifideles,
1461 2707 1511 2745 ut
1560 2705 1685 2745 dicta
1732 2704 1895 2744 cedula

123 2776 346 2828 continet,
392 2777 513 2827 quod
565 2777 602 2817 si
649 2776 896 2826 specialius
948 2776 1110 2816 eadem
1156 2777 1388 2817 sanctitas
1442 2776 1599 2816 audire
1645 2775 1894 2824 desiderat,

124 2847 342 2887 attendat
359 2844 390 2898 l)
424 2849 471 2888 et
504 2848 682 2888 recolat
715 2847 804 2898 illa,
840 2860 926 2898 que
960 2859 1040 2898 per
1073 2847 1444 2888 ambassiatores
1485 2846 1891 2886 serenissimorum

122 2929 284 2968 regum
318 2919 366 2959 et
394 2919 649 2969 principum
676 2918 939 2959 obediencie
975 2930 1056 2958 sue
1081 2930 1135 2958 ex
1170 2930 1328 2958 eorum
1357 2919 1487 2968 parte
1512 2917 1693 2957 fuerunt
1723 2916 1893 2966 pluries

123 2988 270 3028 eidem
306 2989 552 3029 sanctitati
576 2989 621 3029 in
655 2989 844 3039 scriptis
878 2989 1096 3029 intimata
1120 2991 1168 3029 et
1195 2989 1356 3039 eciam,
1382 3001 1468 3040 que
1492 3000 1572 3039 per
1597 2999 1709 3027 suos
1734 2986 1892 3026 fideles

244 3091 269 3135 ¹)
300 3092 383 3127 Von
409 3093 492 3127 hier
518 3103 573 3127 aus
602 3093 742 3127 wieder
766 3094 869 3135 {jeshu
897 3092 1100 3136 Ifagjmzld.
