2178 3404
112 200 154 235 D.
205 201 275 234 Dio
303 198 607 234 Gesaudtschaft
636 200 680 232 K.
708 198 951 232 Ferdinands
980 209 1026 231 an
1056 198 1099 231 K.
1129 197 1350 238 (sig-ismund
1384 196 1459 229 und
1489 196 1738 229 Frankreich.
1796 188 1880 228 512⁷)

112 311 247 352 dictis
281 310 479 351 dominis
512 309 681 359 legatis
716 320 796 349 seu
829 308 902 348 alii
937 320 1039 347 cum
1075 307 1244 347 litteris
1280 306 1517 347 credencie
1541 306 1650 346 dicti
1676 305 1715 345 d.
1740 305 1880 356 impe-

109 382 282 422 ratoris
302 381 360 421 ad
384 380 534 421 dictos
555 380 595 419 d.
615 378 792 430 regesa)
810 382 858 419 et
877 378 1095 418 comitem
1121 378 1342 418 accedere
1361 379 1405 417 et
1432 376 1591 427 reliqui
1615 376 1880 426 eorundem,

110 452 277 492 saltem
313 451 464 502 aliqui,
500 462 616 500 quos
648 450 686 490 d.
715 450 974 499 imperator
1000 449 1186 489 omnino
1212 448 1396 488 volebat
1433 450 1477 487 et
1511 447 1603 487 vult
1634 447 1880 493 redituros,

110 521 390 563 Constancie
423 520 573 561 redire
616 519 829 571 debeant,
871 522 917 559 et
961 531 1064 560 011111
1108 519 1239 559 multi
1286 530 1342 558 ex
1388 518 1512 568 ipsis,
1559 520 1609 558 ut
1651 517 1881 567 dicebant,

110 592 315 643 pecuniis
339 591 524 642 penitus
558 591 742 631 exausti
776 602 868 630 non
891 589 1131 639 haberent,
1162 601 1264 646 cum
1290 600 1378 638 quo
1403 588 1624 628 accedere
1649 590 1695 628 et
1718 588 1881 637 redire,

108 675 216 714 ymo
249 674 334 703 nec
369 661 532 702 abhinc
568 661 666 701 sine
700 661 919 701 ulteriore
958 660 1192 700 iuvamine
1231 661 1279 699 et
1313 670 1539 699 succursu
1580 658 1793 699 recedere
1836 660 1883 698 et

109 733 303 774 ulterius
354 732 568 784 progredi
614 732 823 772 valerent
871 734 918 771 et
963 742 1044 781 pro
1094 730 1381 770 inveniendis
1430 730 1663 780 peccuniis
1712 732 1759 769 et
1803 729 1882 770 ha-

109 804 270 845 bendis
305 804 458 844 dictus
492 804 532 843 d.
568 803 854 843 camerarius
889 802 1143 852 sindicique
1177 804 1221 841 et
1260 801 1395 851 aliqui
1431 801 1556 841 cives
1593 802 1883 840 mercatores

107 875 242 916 huius
289 874 495 916 civitatis
540 885 720 914 necnon
766 873 1013 917 Uticensis,
1065 872 1410 912 Lombariensis
1459 874 1503 911 et
1556 870 1883 911 Foroiuliensis

108 946 311 997 episcopi
345 958 400 986 ac
434 945 656 986 collector
689 945 929 985 Provincie
954 946 1001 984 et
1024 943 1227 984 nonnulli
1253 943 1341 993 alii,
1366 945 1413 983 nt
1439 942 1586 982 tantis
1610 942 1884 982 necessitati

108 1015 157 1057 et
206 1016 398 1058 utilitati
441 1015 733 1056 evidentibus
776 1016 1076 1066 negociorum
1119 1014 1241 1054 dicte
1284 1013 1466 1053 unionis
1511 1012 1677 1052 saltem
1721 1014 1883 1052 mutuo

109 1087 355 1128 subvenire
397 1089 443 1127 et
487 1098 760 1127 succurrere
794 1087 979 1137 vellent,
1027 1085 1235 1136 requisiti
1280 1088 1324 1124 et
1370 1083 1575 1124 exortati
1610 1083 1795 1129 fuerint,
1839 1085 1880 1123 et

109 1158 310 1199 finaliter
343 1157 530 1209 quilibet
566 1169 616 1197 se
650 1169 883 1198 excusans
917 1157 1083 1207 nullus,
1120 1155 1261 1206 procli
1296 1155 1440 1200 dolor,
1475 1155 1687 1204 repertus
1718 1154 1884 1193 extite-

108 1229 181 1280 rit,
223 1229 296 1279 qui
330 1229 469 1269 matri
504 1240 586 1269 sue
626 1240 902 1278 compassus
936 1227 1073 1268 fuerit
1116 1227 1282 1277 quique
1323 1225 1518 1266 voluerit
1562 1226 1643 1264 aut
1682 1224 1883 1274 potuerit

109 1300 317 1351 predicto
353 1312 435 1340 seu
468 1300 557 1340 alio
591 1300 729 1340 modo
764 1300 980 1339 iuvamen
1005 1298 1189 1349 aliquod
1218 1296 1496 1347 impendere,
1521 1295 1644 1335 dicto
1669 1295 1708 1335 d.
1734 1307 1885 1335 came-

110 1371 234 1412 rario
269 1373 478 1422 excepto,
513 1371 588 1421 qui
623 1370 677 1410 de
711 1370 896 1420 proprio
932 1370 1105 1410 multas
1140 1369 1228 1408 iam
1266 1368 1338 1408 hic
1373 1370 1417 1407 et
1452 1367 1497 1406 in
1532 1365 1748 1406 Narbona
1791 1367 1886 1405 tra-

110 1441 224 1482 didit
258 1442 479 1493 pecunias
513 1441 751 1491 multaque
785 1441 945 1481 habuit
980 1442 1172 1490 propter
1196 1439 1296 1489 hoc,
1327 1440 1577 1488 postquam
1601 1436 1736 1475 iidem
1762 1448 1885 1476 sere-

108 1513 331 1553 nissimus
371 1512 410 1552 d.
446 1513 701 1563 imperator
741 1514 786 1551 et
829 1512 868 1551 d.
902 1511 1043 1561 legati
1084 1511 1127 1550 in
1168 1510 1254 1550 hac
1288 1509 1416 1549 fuere
1463 1519 1638 1548 oceana
1684 1507 1885 1557 regione,

109 1595 419 1634 expensarum
454 1583 680 1633 profluvia
716 1583 884 1633 subire,
920 1584 1057 1633 prout
1090 1582 1252 1621 habet:
1294 1580 1483 1620 tandem
1520 1580 1721 1629 reperto,
1765 1578 1883 1628 quod

111 1654 231 1705 apud
263 1654 580 1695 honorabilem
616 1654 765 1694 virum
801 1653 1184 1704 Francisquinum
1220 1651 1332 1692 Hicii
1367 1651 1676 1690 mercatorem
1719 1649 1886 1688 Aveni-

112 1736 331 1765 onensem
367 1725 456 1765 duo
492 1725 634 1765 millia
668 1727 803 1765 scuta
841 1724 938 1764 auri
979 1723 1260 1773 existebant,
1296 1733 1381 1772 que
1416 1721 1531 1761 alias
1573 1721 1630 1761 ad
1665 1720 1704 1760 d.
1740 1719 1886 1760 Ludo-

112 1796 264 1836 vicum
299 1796 339 1835 d.
375 1795 429 1836 de
459 1796 785 1846 Montegaudio
820 1795 1027 1845 militem,
1063 1794 1304 1834 Bisuntine
1338 1790 1551 1842 diocesis,
1587 1791 1691 1831 olim
1723 1790 1886 1841 guber-

111 1868 326 1906 natorem
347 1866 597 1906 Astensem
624 1878 705 1917 pro
726 1866 766 1906 d.
787 1866 902 1906 duce
922 1864 1244 1905 Aurelianensi
1271 1863 1551 1913 pertinuisse
1575 1864 1622 1902 et
1641 1863 1886 1912 spectasse

111 1936 340 1988 dicuntur,
374 1937 455 1978 sed
490 1949 593 1978 011111
628 1937 746 1978 idem
783 1937 997 1977 dominus
1033 1935 1292 1976 Lu<lovicus
1327 1934 1371 1973 in
1411 1945 1659 1984 personam
1696 1932 1805 1971 dicti
1846 1932 1886 1972 d.

110 2008 406 2058 imperatoris
442 2009 615 2048 crimen
656 2008 958 2057 commiserit,
1003 2010 1054 2047 111,
1087 2005 1207 2046 idem
1254 2005 1294 2044 d.
1329 2005 1585 2055 imperator
1627 2002 1887 2051 asserebat,

110 2078 206 2118 lese
239 2079 520 2129 magestatis
554 2081 601 2119 et
635 2078 691 2119 ob
726 2079 813 2119 hoc
848 2078 969 2119 bona
1003 2089 1087 2118 sua
1111 2076 1266 2117 forent
1301 2074 1559 2115 confiscata
1584 2078 1629 2114 et
1657 2073 1885 2124 adipsum

111 2148 362 2201 dominum,
396 2151 448 2190 ut
480 2150 677 2201 dicebat,
712 2150 999 2200 pertinerent
1033 2149 1380 2199 imperatorem,
1416 2148 1463 2186 ut
1496 2146 1641 2185 eciam
1668 2146 1888 2185 constare

115 2219 360 2260 asserebat
395 2221 636 2261 sentencia
668 2221 760 2261 iam
795 2232 934 2271 super
958 2220 1061 2270 hoc,
1095 2220 1147 2259 ut
1177 2218 1358 2267 dicitur,
1382 2217 1493 2267 lata,
1519 2216 1761 2266 requisivit
1791 2215 1888 2265 ipse

113 2289 155 2330 d.
188 2290 445 2341 imperator
477 2303 561 2331 nec
595 2303 686 2332 non
720 2291 829 2332 dicti
863 2291 903 2331 d.
939 2290 1079 2341 legati
1113 2289 1307 2330 eundem
1334 2287 1733 2337 Francisquinum,
1768 2285 1889 2335 quod

112 2360 210 2411 ipse
258 2348 520 2402 huiusmodi
566 2363 655 2403 duo
701 2363 826 2403 milia
873 2364 1112 2402 scutorum
1161 2360 1260 2400 anri
1306 2369 1536 2398 summam
1586 2367 1726 2406 penes
1769 2367 1888 2405 eum,

114 2433 165 2471 ut
192 2431 436 2482 prefertur,
461 2433 758 2483 existentem,
782 2433 868 2483 ipsi
893 2432 933 2472 d.
952 2430 1222 2481 imperatori
1248 2441 1330 2479 pro
1351 2427 1686 2478 prosequcione
1709 2425 1887 2475 negocii

114 2501 296 2541 unionis
330 2503 523 2543 ecclesie
558 2503 780 2543 traderet.
845 2502 928 2553 Qui
962 2501 1142 2552 quidem
1179 2499 1542 2548 Francisquimis
1577 2509 1679 2537 cum
1714 2496 1888 2536 honore

114 2573 161 2611 et
180 2573 447 2613 reverencia
462 2573 629 2613 debitis
650 2573 972 2624 respondendo
990 2572 1105 2612 dixit
1122 2582 1174 2611 ac
1197 2570 1333 2620 aliqui
1350 2569 1423 2609 alii
1442 2568 1607 2608 ibidem
1629 2567 1888 2607 existentes

115 2641 343 2693 dixerunt,
377 2643 499 2693 quod
531 2644 699 2694 posito,
734 2643 816 2683 sed
849 2655 941 2684 non
976 2653 1217 2691 concesse,
1252 2639 1373 2690 quod
1406 2639 1526 2678 idem
1561 2638 1602 2678 d.
1628 2636 1888 2677 Ludovicus

116 2712 447 2765 commisisset,
491 2714 609 2765 quod
659 2714 796 2765 absit,
841 2713 950 2753 illud
1002 2713 1190 2762 crimen,
1236 2722 1328 2751 non
1373 2712 1622 2760 propterea
1669 2707 1889 2759 peccunia

118 2782 221 2832 ipsa
255 2783 325 2822 ΙΙΠΙ
356 2785 611 2835 scutorum,
647 2797 748 2825 cum
785 2787 994 2835 tempore
1028 2782 1242 2834 premissi
1276 2780 1481 2832 pretensi
1514 2780 1668 2819 delicti
1702 2781 1750 2818 et
1784 2790 1889 2819 con-

115 2852 380 2894 fiscacionis
413 2865 505 2895 non
538 2854 662 2895 foret
694 2856 739 2895 in
774 2855 990 2905 dominio,
1031 2856 1159 2894 terra
1200 2864 1280 2893 seu
1324 2851 1539 2892 districtu
1582 2850 1693 2890 dicti
1732 2849 1772 2889 d.
1807 2849 1889 2888 im-

115 2924 362 2975 peratoris,
397 2925 478 2965 sed
511 2925 555 2965 in
583 2928 709 2966 terra
733 2925 941 2975 ecclesie,
977 2925 1033 2965 ad
1066 2925 1217 2974 ipsum
1243 2922 1510 2973 pertineret,
1545 2920 1625 2961 sed
1659 2920 1703 2959 in
1728 2931 1887 2959 casum

115 2993 235 3035 hunc
281 2995 339 3035 ad
379 2995 637 3037 Romanam
680 2996 924 3036 ecclesiam
970 2997 1016 3035 et
1059 2995 1157 3034 eius
1202 3004 1434 3034 cameram
1482 2990 1802 3041 apostolicam.
1846 2988 1887 3028 in

235 3123 265 3152 a)
291 3119 341 3147 Or.
363 3127 486 3153 regem.

1594 3165 1678 3205 33*
