2178 3404
749 178 968 210 Gutarhtvn
998 178 1104 210 eines
1132 178 1366 217 Anonymus.
1850 167 1934 207 (ilT

166 292 365 341 possunt
411 289 497 329 nisi
543 287 755 327 subditos
796 287 1061 326 statuentes
1098 317 1104 325 .
1142 317 1149 324 .
1186 316 1193 323 .
1228 286 1275 324 et
1308 284 1410 324 ideo
1446 283 1691 325 turbantes
1727 285 1791 324 sic
1829 297 1934 325 con-

166 360 317 401 cilium
353 358 545 399 turbant
577 357 657 397 Dei
693 356 954 396 ecclesiam.
1019 355 1163 405 Igitur
1196 357 1283 395 etc.

284 429 503 469 Preterea
537 427 659 468 sicut
693 426 935 475 collegium
971 425 1272 466 cardinalium
1306 437 1397 465 non
1432 427 1729 475 representat
1768 425 1936 465 medie-

166 502 313 541 tatem
348 498 592 539 militantis
627 497 821 538 ecclesie
855 508 938 536 nec
978 494 1092 536 facit
1131 495 1430 535 medietatem
1475 495 1653 536 concilii
1693 496 1937 546 generalis,

165 582 257 610 non
291 570 490 620 possunt
523 568 695 608 domini
729 566 989 608 cardinales
1023 566 1077 605 dc
1112 566 1210 615 pari
1236 565 1515 606 contendere
1541 578 1643 606 cum
1669 578 1805 607 sacro
1831 578 1937 606 con-

167 640 269 681 cilio
302 640 357 680 de
390 639 614 680 electione
639 637 807 678 summi
831 636 1078 687 pontificis,
1114 636 1245 686 quasi
1270 635 1495 685 equaliter
1521 636 1577 676 ad
1602 647 1684 676 eos
1709 636 1939 686 pertineat

165 713 214 752 et
247 711 305 751 ad
339 709 581 751 concilium
615 709 687 749 ius
727 707 936 759 eligendi,
976 718 1060 747 nec
1101 706 1265 746 eodem
1312 707 1408 746 iure
1454 707 1521 746 eis
1565 707 1802 757 competit,
1849 719 1938 757 quo

167 780 391 832 competit
424 791 559 821 sacro
595 778 802 820 concilio.
868 777 924 817 Et
966 777 1068 817 ideo
1112 788 1204 816 non
1247 779 1446 826 possunt
1488 777 1740 826 paritatem
1799 773 1938 817 istam

166 851 441 902 pretendere
474 850 661 891 racione
695 849 765 890 sui
799 848 926 899 iuris,
960 847 1094 899 quod,
1130 859 1234 887 cum
1269 847 1330 887 sit
1354 847 1607 887 humanum
1632 849 1679 887 et
1704 848 1936 897 privatum

165 922 353 963 racione
387 921 594 972 ipsorum
638 922 686 960 et
727 919 874 960 eciam
921 917 1074 968 quoad
1116 917 1290 957 multos
1332 917 1609 967 dubitatum,
1644 929 1735 957 non
1782 919 1942 967 potest

166 993 250 1033 iuri
297 992 464 1041 divino,
511 990 692 1041 publico
738 1002 792 1030 ac
836 989 1116 1040 certissimo,
1163 999 1252 1038 quo
1300 987 1543 1028 concilium
1593 987 1824 1028 formatur
1871 988 1939 1027 vel

165 1063 312 1104 eciam
346 1062 600 1113 regulatur,
634 1062 678 1101 in
725 1060 877 1111 aliquo
925 1060 1149 1109 derogare
1195 1070 1279 1099 nec
1326 1058 1411 1098 sibi
1458 1058 1704 1109 adequare.
1769 1058 1940 1098 Verum

165 1134 272 1184 quia
304 1133 398 1174 ista
432 1132 593 1174 cedula
627 1143 719 1172 non
753 1131 903 1171 solum
937 1129 1143 1180 preferre
1183 1129 1348 1169 nititur
1390 1129 1475 1169 iuri
1518 1129 1726 1179 predicto
1774 1129 1942 1177 divino,

166 1204 347 1255 publico
381 1206 429 1244 et
462 1203 728 1244 certissimo
764 1200 996 1252 prefatum
1032 1201 1102 1240 ius
1137 1200 1388 1240 humanum
1437 1199 1480 1239 111
1526 1212 1595 1250 eo,
1646 1199 1767 1250 quod
1812 1199 1942 1246 dicit,

166 1275 284 1325 quod
321 1274 378 1315 ad
410 1286 506 1325 eOS,
541 1273 719 1314 scilicet
760 1272 818 1312 ad
852 1271 1126 1322 cardinales,
1167 1271 1221 1310 de
1262 1270 1358 1310 iure
1404 1270 1605 1320 pertinet
1638 1270 1708 1310 ius
1743 1269 1939 1320 eligendi

168 1344 429 1385 Romanum
464 1343 745 1395 pontificem,
781 1344 853 1383 set
894 1342 1041 1383 eciam
1078 1341 1221 1382 tacite
1267 1341 1451 1381 videtur
1499 1341 1743 1381 excludere
1790 1353 1816 1380 a
1862 1340 1943 1380 tali

165 1415 392 1456 electione
435 1416 587 1455 totum
623 1414 881 1464 concilium,
927 1412 1059 1463 quasi
1100 1412 1157 1452 ad
1202 1412 1353 1462 ipsum
1400 1423 1491 1451 non
1538 1411 1785 1462 pertineat,
1821 1410 1941 1461 quod

166 1486 284 1526 enim
327 1485 382 1526 de
416 1497 505 1526 uno
547 1485 831 1535 conceditur,
879 1494 1169 1533 consequens
1215 1482 1482 1522 intellectus
1530 1483 1675 1532 patet,
1722 1481 1843 1532 quod
1889 1482 1943 1521 de

168 1556 256 1597 alio
290 1558 490 1607 negatur
524 1555 775 1596 secundmn
813 1553 1085 1605 Gregorium
1121 1555 1168 1594 et
1207 1554 1251 1593 111
1286 1565 1487 1593 canone:
1533 1553 1691 1601 Qualis
1725 1552 1850 1591 XXV
1885 1552 1940 1591 di.

168 1639 271 1667 cum
306 1627 465 1667 multis
501 1623 722 1676 concor.¹)
770 1627 906 1667 Patet
939 1626 1192 1673 evidenter,
1227 1624 1347 1674 quod
1382 1626 1457 1664 est
1490 1624 1574 1663 iuri
1599 1624 1752 1665 divino
1787 1624 1941 1664 huius-

168 1697 290 1737 modi
325 1697 613 1748 derogativa,
649 1710 752 1738 cum
788 1697 880 1737 tale
915 1697 986 1736 ius
1020 1696 1272 1736 humanum
1307 1707 1398 1735 non
1432 1695 1623 1745 preferri
1658 1707 1741 1735 nec
1769 1695 1942 1745 equari,

168 1768 250 1808 sed
285 1771 524 1818 tamquam
559 1766 765 1819 inferius,
801 1767 994 1807 debilius
1028 1770 1075 1807 et
1109 1765 1355 1816 ignobilius
1390 1766 1519 1816 sequi
1555 1765 1692 1805 debet
1726 1766 1796 1805 ius
1830 1765 1942 1804 divi-

167 1850 291 1878 num.
355 1839 499 1889 Igitur
532 1840 607 1879 est
640 1838 703 1878 rei
739 1838 917 1889 publice
952 1838 1216 1878 detractiva
1250 1838 1297 1877 et
1331 1836 1483 1877 tocius
1517 1836 1712 1877 ecclesie
1743 1836 1942 1875 militan-

170 1909 232 1949 tis
268 1909 511 1949 offensiva.

289 1980 507 2021 Preterea
541 1980 662 2031 quod
696 1980 905 2031 preponit
950 1980 1283 2020 auctoritatem
1324 1979 1574 2018 humanam
1622 1978 1836 2017 videlicet
1881 1977 1944 2026 ip-

168 2062 324 2091 sorum
376 2051 678 2092 cardinalium
729 2051 1000 2091 auctoritati
1050 2050 1200 2090 divine
1249 2052 1296 2089 et
1345 2049 1466 2089 sacri
1517 2049 1710 2099 concilii,
1761 2048 1946 2087 videtur

168 2121 393 2162 iniuriosa
430 2122 527 2162 Deo
574 2122 897 2172 omnipotenti,
945 2133 1047 2161 cum
1095 2121 1242 2171 ipsum
1289 2119 1530 2160 concilium
1582 2120 1643 2159 sit
1689 2119 1731 2158 in
1778 2119 1942 2168 spiritu

168 2194 335 2234 sancto
383 2194 719 2243 congregatum
765 2194 812 2233 et
865 2192 1119 2232 formatum
1176 2192 1422 2241 divinaque
1472 2190 1571 2240 lege
1617 2189 1939 2239 approbatum.

170 2262 481 2303 Cardinalium
518 2275 628 2304 vero
664 2264 925 2304 auctoritas
959 2266 1033 2303 est
1067 2263 1123 2302 ab
1158 2263 1356 2309 homine,
1392 2261 1607 2301 videlicet
1641 2272 1667 2300 a
1702 2272 1835 2310 papa,
1870 2260 1943 2309 qui

169 2346 250 2374 eos
287 2334 465 2374 creavit
498 2334 633 2385 tales,
668 2334 776 2375 licet
809 2334 954 2374 eciam
992 2334 1058 2374 sic
1093 2334 1307 2373 dicantur
1341 2333 1397 2372 ab
1433 2331 1630 2371 ecclesia
1665 2342 1745 2380 per
1780 2342 1943 2380 appro-

172 2404 425 2445 bacionem.
491 2403 665 2444 Tamen
699 2416 780 2445 eos
815 2404 1013 2444 ecclesia
1046 2415 1137 2443 non
1172 2403 1444 2452 intelligitur
1467 2401 1755 2451 approbasse
1790 2400 1833 2439 in
1875 2400 1944 2440 sui

170 2474 316 2525 ipsius
357 2474 724 2515 destructionem
772 2476 819 2515 et
865 2475 1160 2515 rebellionem
1209 2475 1283 2513 set
1329 2473 1386 2513 ad
1431 2471 1793 2521 edificacionem,
1840 2471 1945 2520 quia

172 2545 320 2595 turpis
355 2547 429 2585 est
454 2556 576 2595 pars,
610 2557 697 2595 que
720 2557 811 2585 non
837 2545 1051 2595 congruit
1076 2557 1159 2584 suo
1186 2544 1418 2584 universo.
1487 2543 1702 2581 l'reterea
1733 2540 1944 2591 negando

171 2616 251 2666 sic,
298 2618 348 2655 ut
389 2615 688 2666 premittitur,
735 2628 871 2656 sacro
920 2615 1113 2656 concilio
1162 2616 1446 2664 potestatem
1494 2612 1702 2663 eligendi,
1748 2613 1946 2661 negatur

171 2685 257 2725 sibi
284 2685 492 2736 perfecta
516 2686 636 2736 unio,
662 2698 764 2726 cum
787 2687 922 2736 enim,
943 2686 1169 2735 depositis
1190 2684 1395 2735 pluribus
1416 2683 1645 2734 capitibus
1671 2682 1727 2722 ab
1747 2682 1946 2721 ecclesia

172 2757 253 2796 Dei
287 2759 527 2807 tamquam
562 2757 802 2803 monstris,
837 2756 1002 2796 electio
1037 2756 1169 2795 unius
1205 2755 1371 2805 capitis
1406 2756 1477 2794 est
1515 2753 1713 2793 medium
1741 2752 1946 2802 perfecte

173 2827 370 2877 unionis,
405 2827 523 2877 quia,
558 2827 682 2867 sicut
717 2839 885 2877 corpus
920 2839 1010 2866 uon
1058 2828 1132 2866 est
1164 2825 1378 2866 naturale
1424 2837 1507 2864 nec
1544 2823 1800 2873 perfectum
1848 2823 1946 2861 sine

175 2897 340 2947 capite,
375 2897 441 2937 sic
475 2909 565 2937 non
601 2900 675 2937 est
710 2897 917 2947 perfecta
960 2897 1077 2946 unio,
1118 2897 1203 2936 nisi
1245 2897 1494 2946 postquam
1535 2893 1759 2933 habemus
1807 2905 1942 2932 unum

175 2969 329 3017 caput.
396 2967 452 3006 Et
493 2968 613 3017 quod
660 2968 717 3007 ad
764 2979 948 3007 sacrum
997 2967 1238 3007 concilium
1286 2966 1487 3016 pertinet
1531 2964 1686 3004 facere
1732 2964 1944 3003 unionem

299 3070 321 3113 Ρ)
349 3070 445 3102 Dist.
473 3069 517 3102 25
546 3079 575 3101 c⁴
603 3068 634 3101 4.
