2178 3404
296 144 381 186 352
698 155 740 187 ΙΙ.
768 152 986 187 Abschnitt.
1038 152 1187 193 Gregor
1212 150 1294 184 XII.
1321 151 1400 185 und
1428 152 1498 185 das
1526 151 1674 185 Konzil.

297 263 418 313 (157)
448 261 569 303 Kar]
592 261 837 303 malatesta
863 274 953 303 (1728
975 262 1164 304 Konzil:
1195 262 1466 315 Aorfwuhme
1499 264 1580 304 der
1601 262 2071 315 Zessz'onsmitle‘ilzmgy

448 333 590 373 durch
619 332 790 385 Gregyor
812 332 920 374 XII.
972 332 1104 374 Selloe
1136 334 1244 374 wel
1264 333 1526 374 Redewk‘ew:
1558 333 1608 375 ob
1638 335 1885 386 einnrmigye
1906 332 2069 385 Papst-

442 403 564 444 wale]
597 403 693 443 med
725 403 774 444 ob
816 402 1109 457 Versorfflmgy
1139 405 1222 457 fili·
1257 404 1332 444 “lm
1371 403 1661 445 beselelosson.
1720 403 2069 445 Temlenzimeh-

443 474 611 515 ridden
649 486 738 514 (ms
762 473 1013 518 Konstsmz.
1049 475 1132 516 bes.
1164 475 1275 516 iiber
1297 475 1483 516 ‹Iolemm
1510 474 1690 515 XXIII.
1714 474 2070 526 Nolwendigylceil

442 546 524 585 der
547 544 757 597 baldigsen
781 544 1069 598 Absendmaegs
1091 546 1172 587 (Ier
1192 545 1727 598 Konze'lsqesa›mss-cleas!
1748 545 1866 586 mich
1888 544 2066 586 Italion.

442 614 618 656 Erimon
658 615 985 669 1415242192181‘
1025 618 1084 657 17.

414 708 692 751 ll'olfeube‘ittel.
725 709 813 742 (lod.
845 709 999 743 Helmst.
1027 710 1098 743 279
1115 710 1142 752 f.
1170 711 1248 742 300.

412 794 557 847 Non³)
599 795 746 835 solum
792 795 989 846 honesti7
1033 796 1114 835 sed
1155 795 1293 835 debiti
1340 795 1583 846 presertim
1629 797 1716 845 est,
1761 796 2069 834 sacrosancta

300 866 509 916 synodus
542 868 694 907 mater
732 868 779 907 et
813 866 999 907 (lomina
1033 878 1150 917 mea7
1185 866 1373 906 veritati
1407 866 1727 905 testimonium
1753 865 2000 905 exhibere.
2027 897 2034 905 .
2061 898 2068 906 .

412 961 678 1002 Meminisse
725 961 903 1012 quidem
942 961 1065 1001 valet
1103 972 1237 1000 sacra
1280 960 1489 1011 synodus
1524 962 1698 1001 vestra.
1734 971 1805 999 me
1831 962 1938 1000 ante
1970 972 2068 1000 ces-

295 1033 471 1073 sionem
508 1034 708 1082 papatus
743 1044 824 1082 per
857 1044 929 1072 me
962 1031 1222 1071 faciendam
1258 1031 1442 1071 nomine
1485 1030 1656 1070 domini
1703 1033 1811 1071 tunc
1860 1029 2068 1080 Gregorii

294 1116 409 1154 pape
442 1115 735 1154 nequaquam
771 1103 977 1143 tacuisse
1011 1102 1242 1142 nonnullis
1283 1103 1440 1141 tamen
1475 1101 1675 1141 adversa
1710 1100 2067 1151 obloquentibus

296 1175 617 1215 sinceritatem
653 1174 806 1214 cordis
840 1174 939 1214 eius
974 1173 1031 1213 ad
1065 1185 1226 1223 pacem
1263 1175 1310 1212 et
1343 1172 1464 1212 illam
1502 1183 1683 1222 quoque
1718 1171 1953 1211 aslirmare
1976 1183 2067 1211 non

296 1245 455 1286 erubui
498 1246 541 1285 in
589 1245 814 1285 cessione.
880 1243 1049 1283 Verum
1097 1243 1170 1293 qui
1219 1243 1355 1293 longa
1401 1242 1730 1292 multiplicique
1777 1242 2069 1292 experiencia

294 1316 486 1357 videbar
530 1316 668 1356 michi
710 1309 1007 1365 humilitatib)
1041 1313 1359 1354 huiuscemodi
1408 1313 1558 1363 patris
1604 1315 1651 1353 et
1697 1313 1884 1353 caritati
1928 1312 2069 1353 fidere

292 1399 446 1438 posse,
481 1388 588 1437 post
624 1386 884 1427 cessionem
919 1397 1009 1426 non
1044 1385 1169 1434 tepui
1208 1384 1316 1425 licet
1348 1384 1513 1434 impari
1547 1384 1673 1434 operi
1709 1380 1908 1435 verb00)7
1947 1384 2067 1434 quod

293 1458 500 1498 dixeram
548 1457 602 1497 de
648 1457 748 1507 ipso
795 1456 935 1507 prius
970 1455 1206 1506 posterius
1253 1454 1493 1504 multiplici
1538 1454 1724 1494 firmare
1773 1456 2065 1505 argumento.

297 1529 423 1570 Etsi
464 1528 740 1579 quibusdam
788 1526 972 1566 difficile
1016 1525 1292 1566 credendum
1340 1524 1587 1565 videbatur
1631 1526 1707 1565 uni
1753 1525 1914 1565 datum
1961 1537 2066 1565 esse

292 1612 461 1650 magno
496 1593 766 1650 premodo‘f)
798 1597 1094 1638 renunctiare
1128 1597 1310 1647 dicioni,
1345 1596 1451 1636 dum
1478 1596 1553 1636 vix
1587 1597 1721 1645 pauci
1745 1608 1795 1636 se
1820 1596 2068 1637 cohibeant

293 1672 350 1711 ab
385 1671 549 1721 exigue
591 1671 737 1710 eciam
782 1668 1118 1709 dominacionis
1135 1664 1165 1717 ρ)
1209 1667 1392 1707 libidine
1435 1678 1618 1717 magna,
1663 1667 1783 1707 unde
1829 1667 1982 1718 corde,
2029 1667 2067 1707 si

292 1753 384 1783 non
407 1754 537 1793 voce,
573 1741 727 1781 verbis
752 1739 1101 1780 dissenciebant
1124 1739 1254 1784 meis,
1283 1740 1329 1778 at
1356 1737 1553 1788 quidem,
1579 1738 1617 1777 si
1642 1738 1811 1778 ceteris
1835 1738 2067 1778 nonnullis

294 1812 553 1863 apparebat
600 1824 755 1862 posse,
810 1810 931 1861 quod
980 1809 1267 1859 asserebam,
1322 1808 1617 1859 confundere,
1671 1811 1836 1859 utpote
1889 1809 2067 1849 dissue-

294 1884 467 1924 tudinis
492 1883 684 1933 plurime
716 1883 902 1923 fallacia
937 1881 1255 1923 colorantibus
1279 1879 1464 1920 mentiri
1489 1891 1561 1919 me
1586 1879 1773 1919 aiebant
1794 1880 1837 1919 in
1868 1891 2067 1920 conven-

293 1955 447 1996 ticulis
480 1955 690 2006 plurimis
724 1954 872 1994 invise
905 1952 1095 1993 virtutis
1129 1952 1278 2002 patris
1312 1951 1433 1991 illius
1466 1950 1625 2000 gracia
1667 1950 1799 1990 iuxta
1844 1949 2067 2000 prophete

293 2026 581 2066 sentenciam
599 2022 650 2071 ll:
716 2024 904 2075 ‚Factus
939 2026 1013 2064 est
1054 2022 1190 2063 nobis
1224 2023 1266 2061 in
1312 2021 1680 2061 contradictione
1724 2021 2065 2071 cogitacionum

291 2099 577 2148 nostrarum7
616 2096 775 2146 gravis
809 2097 882 2135 est
924 2094 1059 2135 nobis
1102 2094 1247 2134 eciam
1284 2093 1340 2132 ad
1376 2092 1637 2141 videndum,
1681 2091 1897 2141 quoniam
1932 2090 2066 2130 dissi-

292 2167 412 2207 milis
446 2170 521 2207 est
555 2167 655 2207 aliis
679 2166 778 2206 vita
810 2166 930 2206 illius
965 2167 1012 2205 et
1036 2166 1216 2205 mutate
1241 2166 1350 2204 sunt
1374 2163 1445 2203 vie
1469 2160 1581 2203 eius‘
1618 2194 1625 2202 .
1652 2193 1659 2201 .
1685 2193 1693 2201 .
1754 2161 1883 2201 Nunc
1908 2164 2064 2202 autem

293 2238 350 2279 ad
392 2238 574 2278 Domini
619 2236 954 2287 omnipotentis
997 2235 1192 2286 gloriam
1236 2237 1490 2284 nostreque
1525 2245 1658 2274 sacre
1693 2232 1858 2283 synodi
1902 2234 2065 2272 sancte

293 2309 570 2349 universalis
605 2308 798 2349 ecclesie
832 2318 991 2359 pacem
1029 2305 1266 2356 querentis
1285 2304 1501 2354 gaudium
1528 2315 1669 2344 nosse
1694 2304 1862 2353 velitis,
1887 2303 2065 2343 decima

291 2391 412 2421 nona
453 2380 559 2420 dulii
603 2379 857 2419 Thomeum
903 2377 1209 2417 secretarium
1254 2387 1421 2426 meum,
1465 2387 1596 2425 quem
1641 2375 1786 2414 vestri
1833 2384 2064 2413 consensu

292 2451 663 2499 tranffluiseram,
707 2450 1131 2498 advespeiascente
1164 2447 1254 2486 iam
1291 2446 1362 2486 die
1396 2445 1719 2485 Montessorum
1755 2444 1941 2495 adiisse,
1975 2455 2064 2494 quo

291 2530 435 2562 causa
480 2521 750 2562 declinande
796 2520 958 2571 pestis,
1005 2530 1091 2569 que
1137 2518 1256 2557 satis
1303 2517 1483 2557 ledebat
1533 2516 1804 2562 Ariminum,
1851 2515 2064 2555 dominus

292 2594 401 2632 tunc
437 2592 689 2642 Gregorius
723 2600 842 2642 papa
875 2591 1008 2630 ierat.
1073 2589 1278 2639 Cumque
1306 2590 1553 2628 narrasset
1577 2587 1771 2637 simplici
1796 2586 2064 2626 assercione

290 2663 634 2714 tantummodo,
669 2675 756 2714 que
790 2664 927 2713 gesta
960 2660 1148 2702 fuerant
1181 2660 1477 2703 Constancie,
1514 2661 1560 2699 et
1593 2658 1825 2709 quomodo
1861 2658 1960 2697 vice
2000 2658 2063 2707 ip-

291 2733 388 2774 sius
435 2746 688 2784 cesseram,
734 2734 841 2784 quia
886 2735 1077 2783 propter
1124 2731 1201 2772 illa
1247 2730 1519 2772 nunctiandi
1567 2730 1859 2774 celeritatem
1903 2740 2062 2769 secum

408 2894 439 2927 a)
464 2894 557 2921 Dazn
576 2894 627 2921 die
650 2888 864 2928 Ubersehrift:
895 2893 999 2927 Copia¹
1028 2892 1144 2919 littere
1168 2900 1208 2918 m.
1229 2891 1258 2917 (l.
1279 2890 1328 2923 (ob
1357 2892 1433 2919 stat!
1462 2890 1631 2923 magnifici
1666 2889 1827 2923 domini?)
1858 2889 1900 2916 ad
1931 2896 2062 2915 sacram

290 2941 455 2975 synodum
477 2941 787 2968 Constanciensem.
825 2940 857 2973 b)
880 2941 929 2967 Hs
949 2940 1132 2966 humilitat.
1171 2940 1200 2973 c)
1222 2939 1269 2965 Hs
1289 2938 1369 2964 licet
1384 2938 1512 2971 impare
1534 2937 1611 2963 licet
1635 2937 1727 2970 operi
1745 2937 1856 2963 verbo.
1895 2937 1926 2964 d)
1947 2935 1990 2963 So
2006 2936 2062 2962 Hs.

289 2990 318 3019 e)
341 2988 388 3014 Hs
409 2988 519 3022 exigui
542 2988 646 3015 eciam
669 2987 830 3014 dominat.

411 3048 435 3083 ¹)
467 3049 535 3082 Wo
548 3052 566 3082 Ρ
