2178 3404
281 149 366 189 414
637 158 694 190 lll.
723 157 942 191 Abschnitt.
994 156 1185 189 Benedikt
1213 155 1310 189 XIII.
1340 156 1416 189 und
1445 157 1516 189 das
1545 154 1690 189 Konzil.

285 269 489 317 possent.
554 265 642 305 Sed
678 264 751 305 ubi
787 264 1094 315 congregacio
1138 264 1334 306 haberet
1378 264 1475 306 fieri
1521 277 1603 315 pro
1647 266 1887 316 premissis
1931 268 2052 307 trac-

283 338 526 388 tandum,²²)
560 336 770 377 securlus
806 336 988 376 videtur
1021 335 1208 376 domino
1242 338 1408 377 nostro
1456 348 1596 387 posse
1640 336 1737 377 fieri
1783 337 1824 376 in
1873 336 2053 377 (luobus

283 408 395 447 loris
422 407 688 457 propinquis
708 409 755 447 et
778 407 821 446 in
843 406 1098 447 confinibus
1122 406 1386 448 obediencie
1411 407 1651 457 utriusque
1676 408 1823 458 partis
1848 408 2053 448 situatis.

283 481 382 528 Quo
418 491 530 519 casu
566 477 765 528 quelibet
800 478 1005 527 parcium
1041 477 1126 517 sibi
1160 477 1349 527 eligeret
1387 477 1719 518 confidenciam
1755 480 1798 517 et
1833 478 2053 528 protecti-

283 562 416 590 onem
453 549 707 600 principum
742 560 824 589 sue
859 548 1138 598 obediencie,
1175 548 1244 589 vel
1280 549 1353 589 ubl
1394 549 1608 589 dominus
1654 551 1817 589 noster
1863 549 2054 589 alterius

283 607 615 670 obedienciam,
671 621 752 660 aut
797 619 964 660 intrusi
1011 631 1093 659 seu
1148 619 1357 660 intrusus
1415 632 1545 660 suam
1595 619 1817 659 haberent
1865 620 2054 669 intrare,

282 694 406 731 esset
443 690 776 738 necessarium,
811 690 931 740 quod
968 690 1053 735 ille,
1088 691 1161 740 qui
1196 691 1238 730 in
1275 691 1542 731 obediencia
1582 691 1774 731 alterius
1815 691 2054 741 existeret,

282 766 379 802 tam
415 763 537 802 circa
571 761 929 812 disposicionem
966 762 1066 807 loci,
1102 773 1237 812 quam
1282 761 1370 801 alia
1415 761 1609 802 haberet
1655 773 1734 812 per
1777 773 1827 800 se
1874 761 2054 811 plenam

283 834 545 873 libertatem
580 835 627 872 et
661 832 893 872 indubiam
931 833 1233 872 securitatem
1270 834 1459 882 propter
1484 832 1686 882 pericula
1721 845 1863 883 supra
1888 833 2055 883 posita.

283 905 463 952 (l'ogitet
491 904 609 943 enim
631 903 784 943 dictus
803 903 843 943 d.
865 915 1021 943 comes
1046 903 1087 942 in
1114 903 1337 954 preterito
1360 905 1583 955 tempore,
1603 903 1801 954 qualiter
1824 904 2057 953 promissa

285 987 364 1026 per
387 975 613 1026 quosdam
650 976 897 1022 magnates
929 973 1013 1013 sibi
1049 974 1175 1013 suere
1211 976 1416 1021 servata,
1451 986 1537 1023 que
1560 975 1834 1014 iuramentis
1859 977 1903 1014 et
1931 975 2056 1025 polli-

283 1046 589 1087 citacionibus
624 1045 782 1085 multis
817 1047 949 1084 erant
985 1044 1173 1094 vallata,
1207 1057 1292 1095 que
1331 1056 1408 1094 pro
1443 1044 1618 1084 bonore
1651 1045 1831 1085 illorum
1867 1046 2056 1086 silencio

283 1117 497 1156 (lominus
531 1118 695 1155 noster
729 1116 852 1155 duxit
893 1116 1255 1166 relinquendum.

402 1199 671 1249 Exponetur
713 1199 858 1238 eciam
895 1198 1018 1239 dicto
1054 1198 1094 1238 d.
1130 1199 1302 1249 comiti,
1345 1199 1464 1249 quod
1500 1199 1714 1239 dominus
1753 1202 1917 1239 noster
1951 1212 2057 1240 con-

284 1270 511 1317 siderans,
556 1269 676 1321 quod
711 1269 754 1308 in
789 1269 924 1309 dictis
959 1269 1346 1311 instructionibus
1380 1270 1478 1320 ipse
1521 1270 1643 1310 clare
1686 1271 1958 1321 apperiebat
2003 1271 2058 1310 de

283 1354 368 1382 sua
402 1341 678 1390 intencione,
713 1351 799 1390 que
832 1340 929 1380 iure
975 1340 1129 1381 divino
1177 1340 1372 1381 fundata
1418 1341 1593 1392 existit,
1641 1341 1759 1391 quod
1808 1353 1889 1391 pro
1936 1341 2057 1382 bono

284 1413 465 1453 unionis
500 1412 744 1462 concupite
777 1413 1095 1453 necessarium
1122 1412 1382 1463 videbatur,
1411 1413 1530 1464 quod
1557 1413 1703 1464 primo
1727 1413 2058 1463 impedimenta

283 1495 337 1523 ex
360 1483 728 1533 congregacione
747 1482 917 1523 Pisana
942 1483 1268 1533 proveniencia
1291 1495 1346 1524 ex
1367 1483 1559 1524 infamia
1577 1486 1624 1524 et
1647 1484 1830 1525 macula
1855 1484 2058 1525 criminis

284 1554 462 1594 heresis
498 1555 663 1594 contra
697 1553 870 1594 dictum
906 1554 1142 1594 dominum
1176 1556 1390 1595 nostrum
1438 1557 1481 1594 et
1518 1567 1630 1595 suos
1675 1554 1793 1595 false
1838 1555 2059 1606 imposita

285 1628 331 1664 et
365 1624 480 1665 alias
514 1626 735 1675 tanquam
782 1619 1045 1675 opposita¹')
1078 1625 1232 1665 unioni
1269 1628 1649 1666 ammoverentur
1687 1626 1873 1667 iusticia
1918 1626 2060 1666 medi-

285 1694 442 1747 ante.‘')
475 1694 532 1735 Et
566 1694 728 1735 deinde
762 1695 915 1736 dictus
950 1695 1164 1735 dominus
1198 1697 1361 1736 noster
1391 1698 1586 1746 paratus
1610 1696 1757 1737 eciam
1781 1698 1898 1747 erat,
1922 1698 2060 1746 prout

283 1769 371 1811 est„
407 1766 656 1816 adimplere
691 1767 859 1812 omnia,
895 1779 982 1817 que
1016 1778 1119 1806 cum
1156 1767 1376 1818 antipapa
1400 1765 1623 1818 Gregorio
1658 1766 1839 1817 obtulit,
1873 1769 1925 1807 ut
1948 1779 2059 1808 vera

284 1837 391 1878 unio
424 1837 469 1877 in
504 1837 583 1877 Dei
619 1836 816 1877 ecclesia
850 1836 1178 1888 subsequatur.
1244 1837 1301 1877 Et
1334 1837 1451 1877 idem
1488 1837 1703 1878 dominus
1745 1840 1910 1878 noster
1952 1849 2059 1878 con-

285 1908 510 1959 siderans,
557 1908 679 1959 quod
725 1907 877 1948 dictus
919 1908 958 1948 d.
1008 1920 1166 1949 comes
1211 1906 1425 1949 notificat
1470 1919 1550 1958 per
1594 1908 1744 1959 ipsum
1794 1908 2058 1949 ministrum

284 1979 563 2030 generalem,
598 1978 720 2030 quod
735 1973 768 2030 d)
802 1979 1072 2020 condicione
1106 1979 1338 2029 presentis
1374 1979 1598 2028 temporis
1632 1981 1678 2020 et
1713 1981 1858 2031 statu,
1892 1979 1935 2019 in
1970 1990 2059 2030 quo

286 2061 360 2089 res
407 2050 631 2098 existunt,
679 2049 1003 2099 consideratis,
1048 2062 1140 2090 non
1187 2050 1274 2090 suit
1318 2050 1567 2101 expediens
1615 2052 1696 2091 aut
1740 2050 2058 2091 necessarium

286 2120 532 2161 ostendere
558 2122 639 2160 aut
662 2120 902 2161 declarare
925 2121 1155 2172 premissa
1180 2123 1288 2162 etc.:
1313 2121 1497 2161 videtur
1521 2121 1646 2161 dicto
1672 2121 1857 2162 domino
1881 2123 2060 2171 nostro,

285 2190 406 2241 quod
440 2191 558 2231 satis
590 2191 810 2242 implicite
844 2192 1017 2232 dictam
1042 2192 1163 2234 viam
1200 2194 1247 2232 et
1271 2191 1604 2243 preambulum,
1629 2192 1750 2242 quod
1773 2192 1892 2232 idem
1918 2191 2060 2232 domi-

284 2273 372 2301 nus
405 2263 570 2302 noster
602 2264 792 2313 reputat
824 2263 1142 2303 necessarium
1170 2263 1227 2303 ad
1251 2262 1481 2313 unionem,
1512 2262 1623 2302 dicti
1647 2262 1817 2303 domini
1842 2262 2061 2313 repellere

287 2334 368 2372 aut
401 2332 589 2373 minime
624 2335 872 2383 acceptare
906 2333 1166 2383 intendunt,
1201 2333 1256 2373 de
1291 2345 1380 2384 quo
1414 2333 1628 2373 dominus
1663 2336 1827 2374 noster
1850 2334 2060 2383 miratur,

286 2415 404 2454 cum,
431 2406 482 2444 ut
515 2403 728 2454 superius
762 2403 934 2444 dictum
971 2406 1059 2455 est,
1088 2416 1178 2444 non
1207 2404 1355 2445 solum
1391 2404 1454 2444 sit
1480 2404 1743 2454 expediens.
1769 2416 1876 2456 ymo
1900 2416 2060 2444 neces-

285 2475 458 2514 sarium
496 2475 677 2523 unitati,
708 2475 831 2525 quod
855 2475 1112 2525 predictum
1139 2475 1434 2516 obstaculum
1471 2486 1552 2525 per
1587 2475 1820 2516 iusticiam
1848 2475 2060 2523 tollatur3

285 2546 329 2584 et
366 2544 483 2595 ideo,
526 2548 666 2595 prout
710 2545 798 2586 fuit
842 2546 933 2586 iam
980 2546 1097 2586 alias
1143 2546 1269 2586 dicto
1316 2546 1356 2586 d.
1401 2546 1558 2587 comiti
1604 2546 1886 2596 intimatum,
1932 2547 2055 2585 esset

288 2615 421 2655 valde
454 2615 566 2655 utile
590 2618 634 2655 et
662 2615 861 2656 dominis
886 2616 1080 2658 Francie
1104 2616 1387 2667 honorabile.v
1416 2616 1537 2667 quod
1561 2617 1648 2667 ipsi
1672 2628 1754 2667 per
1776 2628 1826 2657 se
1850 2615 2060 2657 facerent

286 2685 466 2736 aliquos
499 2686 731 2727 notabiles
766 2687 893 2727 viros
927 2687 1166 2728 litteratos
1199 2699 1291 2728 non
1316 2687 1568 2728 affectatos
1593 2689 1640 2727 et
1663 2687 1808 2727 Deum
1840 2687 2060 2727 timentes

287 2752 611 2806 congregari1)
644 2757 700 2796 ad
734 2758 1166 2807 recognoscendum
1201 2770 1474 2808 processum
1509 2758 1661 2809 inique
1682 2757 1859 2798 factum
1884 2757 1928 2797 in
1953 2769 2058 2797 con-

404 2905 437 2938 a)
458 2906 500 2933 So
520 2904 593 2939 Hey.
646 2905 679 2939 b)
700 2905 772 2939 Ray.
795 2906 962 2940 apposita.
1013 2908 1040 2933 (¹)
1066 2906 1145 2933 Hier
1164 2905 1269 2940 folyen
1291 2905 1337 2932 im
1357 2905 1508 2940 Regyister,
1538 2905 1641 2932 durch
1667 2905 1921 2933 [heim-streiehen
1945 2905 2060 2939 yetilyl.
2078 2906 2081 2908 '

285 2951 369 2978 ohne
389 2951 565 2979 mich-siem
584 2952 650 2987 (tuf
665 2953 717 2979 die
738 2953 975 2981 Konstrnmian
998 2954 1049 2981 die
1070 2954 1191 2981 Worto:
1213 2960 1391 2986 personam
1414 2952 1574 2986 antipape
1590 2952 1755 2978 Jolmnnis
1777 2954 1938 2986 tanquam
1959 2960 2060 2985 oppo-

287 2999 389 3025 situm
415 2998 529 3025 unioni
553 2999 723 3026 mediante
746 3000 879 3026 iusticia
902 3001 1150 3027 admoveretur.
1190 3001 1223 3034 (Ι)
1246 3000 1319 3035 Ιίθρ.
1342 3000 1421 3034 s'olyt
1446 3000 1671 3026 considerata.

408 3060 431 3102 ¹)
464 3060 541 3103 l'yl.
572 3061 643 3094 Rd.
672 3061 692 3093 I
721 3061 785 3095 λ’ν.
812 3063 864 3094 96.
