2178 3404
297 168 382 207 666
605 176 664 209 IV.
694 176 909 209 Absclmitt.
965 176 1039 208 Der
1066 176 1393 217 Schriftencyclus
1422 188 1488 209 zur
1518 177 1750 219 Pan-ztwalil.

416 286 582 328 Primo,
617 285 734 335 quod
776 287 884 325 ante
919 285 1071 325 omnia
1113 288 1158 325 et
1199 286 1412 325 omnibus
1453 287 1727 337 postpositis
1774 288 1855 327 fiat
1900 289 2063 328 eiectio

298 356 418 395 l'etri
453 357 506 396 de
545 356 667 396 buna
701 358 747 395 et
782 356 948 395 citacio
984 355 1065 395 liat
1098 356 1142 395 in
1176 357 1387 406 proxima
1422 357 1632 397 sessione
1653 355 1682 405 ¹)
1716 360 1763 397 et
1787 359 1944 409 ciCius,
1975 371 2063 409 quo

295 427 389 466 lieri
426 422 632 478 lpotiest'l,
668 426 724 466 ad
759 426 876 465 diem
915 428 1258 476 competentem
1295 429 1341 466 et
1376 427 1578 477 brevem,
1614 428 1655 467 in
1681 440 1769 478 qua
1800 428 2066 479 proferatur

295 498 535 537 sentencia
576 509 715 547 super
760 498 986 538 eiectione
1039 497 1168 537 iuxta
1214 497 1598 538 deliberacionem
1646 499 1975 549 deputatorum
2023 501 2065 539 in

295 568 445 608 forma
479 569 605 608 iuris.

412 650 523 690 Item
561 651 634 691 illo
669 651 831 692 eodem
866 651 951 701 die,
986 663 1075 701 quo
1110 651 1312 691 ferretur
1346 652 1587 692 sentencia
1628 652 1883 703 eiectionis,
1924 653 2066 703 publi-

293 723 457 761 centur
502 722 543 760 in
593 722 754 762 eadem
806 722 1017 762 sessione
1068 722 1156 762 tria
1205 722 1394 762 decreta
1443 722 1498 762 de
1548 724 1778 762 communi
1834 736 2065 764 consensu

293 792 496 831 omnium
534 793 778 832 nacionum
814 795 862 832 et
895 793 1039 833 eciam
1076 792 1366 833 dominorum
1402 794 1457 833 de
1492 793 1710 843 collegio:

412 874 628 925 Primum,
664 887 744 924 per
779 875 898 925 quod
931 875 1210 915 decernatur
1243 875 1515 915 electionem
1552 876 1694 916 futuri
1725 877 1893 916 summi
1917 877 2066 927 ponti-

293 944 403 995 licis,
439 945 475 984 si
513 957 592 995 per
626 948 799 986 metum
837 946 1080 985 cadentem
1108 946 1150 985 in
1176 948 1472 986 constantem
1501 946 1595 987 tieri
1622 947 1929 997 contingeret,
1960 959 2066 987 esse

292 1015 461 1055 nullam
498 1016 597 1065 ipso
633 1017 729 1056 iure
764 1029 847 1056 nec
884 1016 962 1056 tali
999 1017 1065 1056 sic
1100 1016 1248 1057 electo
1284 1016 1438 1056 deberi
1482 1017 1653 1057 obediri
1695 1021 1742 1057 et
1782 1017 2066 1069 obedientes,

291 1086 473 1134 saltem,
508 1100 563 1126 ex
599 1099 688 1137 quo
723 1090 860 1127 erunt
902 1088 944 1126 in
982 1087 1114 1136 plena
1160 1087 1392 1139 libertate,
1434 1090 1767 1138 reputarentm·
1809 1089 2065 1129 scismatici

290 1158 338 1196 et
372 1159 423 1196 ut
457 1157 576 1197 tales
612 1158 837 1208 puniendi.
903 1158 960 1198 Et
993 1158 1076 1198 tiat
1110 1158 1153 1197 in
1190 1157 1356 1209 forma,
1396 1159 1439 1197 in
1475 1170 1565 1208 qua
1612 1161 1776 1209 posset
1811 1159 1973 1200 melius
2020 1161 2063 1199 et

291 1228 502 1267 securius
538 1228 754 1268 ordinari.

410 1310 670 1350 Sefflndum
720 1323 830 1351 vero
883 1314 1012 1351 esset
1064 1323 1165 1351 cum
1216 1312 1455 1352 oblacione
1501 1313 1672 1352 actuali
1726 1313 1897 1353 domini
1944 1314 2066 1363 regis

295 1380 606 1421 Romanorum
642 1384 690 1421 et
724 1382 779 1422 ad
815 1382 1161 1422 ordinacionem
1200 1381 1394 1431 concilii,
1429 1384 1550 1423 sicut
1585 1384 1682 1433 ipse
1723 1384 1889 1424 obtulit
1929 1396 2067 1435 super

290 1452 545 1492 securitate
591 1450 875 1501 libertatisf)
927 1465 1012 1503 que
1061 1453 1101 1492 in
1155 1454 1381 1493 electione
1429 1454 1570 1493 futuri
1618 1455 1785 1494 summi
1834 1455 2065 1505 pontificis

288 1522 376 1561 erit
410 1534 491 1572 pro
534 1523 624 1563 ista
661 1524 773 1571 vice,
814 1526 861 1563 et
907 1524 1245 1573 pertinentibus
1293 1524 1349 1564 ad
1395 1525 1603 1565 eandem.
1669 1525 1896 1576 Tercium,
1943 1527 2063 1576 quod

290 1593 329 1631 in
367 1593 620 1633 continenti
658 1594 785 1634 facta
820 1595 945 1635 dicta
979 1595 1207 1635 eiectione
1242 1608 1323 1635 seu
1365 1596 1605 1636 sentencia
1642 1596 1824 1646 prolata
1849 1609 2066 1647 superea

291 1664 554 1704 intendetur
588 1665 644 1705 ad
686 1665 1073 1706 rel‘ormacionem
1122 1666 1165 1705 in
1213 1666 1379 1716 capite,
1428 1666 1643 1706 videlicet
1688 1679 1821 1717 papa,
1868 1668 2066 1708 dominis

290 1735 602 1775 cardinalibus
637 1738 684 1775 et
718 1738 819 1776 tota
854 1736 1065 1776 Romana
1101 1738 1227 1777 curia
1262 1739 1305 1776 et
1350 1737 1406 1776 ad
1447 1739 1660 1784 eorum,²¹)
1705 1751 1790 1788 que
1837 1739 1895 1778 ad
1940 1739 2064 1779 illam

292 1806 537 1854 pertinent.
604 1807 693 1847 Sed
726 1808 768 1846 in
804 1808 965 1847 eodem
1007 1808 1198 1847 decreto
1246 1808 1498 1858 pretigetur
1546 1811 1730 1859 tempus
1777 1812 2065 1861 competens,

290 1875 411 1916 inl'ra
444 1877 564 1926 quod
598 1878 706 1917 illud
741 1878 909 1918 debeat
944 1879 1274 1919 consummari.

407 1960 520 1999 Item
557 1961 677 2010 quod
713 1961 799 2001 biis
835 1961 974 2002 sactis
1011 1961 1348 2001 reformatores
1387 1963 1443 2002 ad
1477 1963 1560 2002 hec
1585 1963 1793 2013 deputati
1832 1964 1900 2003 vel
1926 1965 2064 2014 depu—

291 2030 415 2069 tandi
453 2030 689 2071 vacabunt
713 2032 1067 2081 diligentissime
1103 2033 1226 2072 circa
1252 2033 1358 2073 illud
1383 2045 1466 2073 nec
1500 2034 1543 2072 in
1579 2034 1679 2073 aliis
1710 2035 2062 2084 occupabuntur

289 2104 337 2139 et
363 2101 587 2150 pendente
614 2104 821 2152 tempore
846 2103 1018 2153 pretixo
1044 2115 1277 2153 nunquam
1309 2104 1363 2144 de
1388 2104 1628 2155 electione,
1654 2105 1790 2145 modo
1821 2105 2063 2145 electionis

292 2174 374 2211 aut
408 2173 620 2222 personis
656 2173 927 2223 eligencium
965 2174 1249 2214 tractabitur
1283 2175 1624 2225 quoquomot'lo.

413 2255 522 2294 ltem
560 2256 679 2305 quod
716 2256 846 2306 lapso
882 2258 1091 2306 tempore
1125 2257 1182 2296 ad
1217 2257 1603 2297 reformacimiem
1642 2259 1813 2308 pretixo
1849 2271 1930 2298 seu
1964 2270 2064 2308 pre-

293 2325 472 2372 tieendo
509 2327 751 2366 concilium
789 2328 1068 2367 unanimiter
1104 2328 1172 2367 vel
1208 2341 1234 2368 a
1274 2329 1437 2368 maiori
1481 2331 1528 2368 et
1561 2330 1733 2369 saniori
1781 2331 1912 2380 parte
1958 2330 2064 2369 deli-

291 2396 436 2446 beret,
472 2397 721 2437 &includat
755 2400 797 2437 et
842 2398 1065 2439 decernat
1115 2411 1253 2449 super
1301 2400 1425 2440 dicta
1474 2400 1714 2451 electione,
1763 2401 1862 2440 eius
1913 2400 2064 2449 modo,

292 2466 456 2517 forma,
493 2468 703 2518 materia,
751 2470 963 2518 personis
1016 2470 1193 2521 electis,
1241 2471 1341 2510 loco
1391 2474 1437 2511 et,
1490 2473 1714 2522 tempore,
1767 2471 1852 2510 lioc
1906 2473 2062 2510 tamen

290 2540 496 2588 servato,
531 2538 651 2588 quod
685 2539 849 2579 electio
891 2540 969 2579 liat
1007 2540 1125 2580 insra
1161 2541 1382 2581 conclave
1417 2541 1670 2581 secundum
1711 2541 1910 2581 formam
1951 2541 2063 2581 iuris

290 2608 450 2658 scripti
484 2610 533 2648 et
568 2611 617 2648 ut*
652 2609 767 2649 alias
802 2613 870 2650 est
909 2611 1004 2650 fieri
1040 2612 1082 2650 in
1109 2612 1209 2651 aliis
1240 2611 1544 2652 electionibus
1570 2614 1860 2652 consuetum.
1926 2611 1983 2651 Et
2007 2611 2062 2651 ab

287 2678 570 2719 electoribus
608 2680 729 2719 ultra
763 2693 830 2727 ea,
866 2682 1018 2731 quein
1046 2682 1220 2722 iuribus
1255 2683 1443 2732 scriptis
1479 2683 1791 2733 continentur,
1815 2683 2064 2732 exigantur

290 2750 551 2790 iuramenta
600 2752 643 2789 et
693 2763 962 2802 quecunque
1009 2753 1113 2803 alia,
1161 2765 1246 2803 que
1293 2753 1513 2793 decenter
1557 2755 1605 2793 et
1650 2753 1845 2793 honeste
1892 2752 2060 2803 prefati

288 2823 509 2870 poterunt
543 2833 682 2870 super
717 2822 1003 2868 sinceritate,
1038 2824 1134 2864 zelo
1169 2827 1216 2864 et
1252 2825 1455 2874 puritate
1489 2824 1634 2874 ipsius
1669 2824 1924 2864 electionis.

404 2958 436 2990 a)
458 2958 538 2984 Hier
561 2957 642 2991 srvltll
665 2957 714 2985 eiu
746 2958 843 2984 uffart.

405 3018 429 3059 1)
458 3019 547 3051 Alsa
577 3030 643 3051 vor
668 3019 723 3051 22.
754 3018 846 3051 Juli.

406 3078 432 3119 ¹)
466 3078 565 3111 chh
601 3079 651 3111 ll.
679 3078 772 3111 Juli.
