2178 3404
539 185 577 216 C.
630 184 698 216 Die
728 182 1056 225 Vcrliandlungen
1087 192 1161 215 von
1191 181 1426 223 Perpigznan.
1785 173 1867 212 491

243 306 399 335 waren
439 294 565 334 allen
600 292 894 333 Ka›·de·m·‹·len
944 292 1043 332 und
1081 291 1322 332 bes-ondens·
1362 290 1455 330 ihm.
1497 290 1625 339 lmrt;
1670 291 1872 330 erinnem

241 364 324 406 ihu
365 376 431 404 (tn
471 363 571 413 (Ias,
619 375 714 403 tras
756 362 880 403 seme
922 360 1123 402 Famile'c
1166 362 1250 413 fiir
1293 361 1369 401 e'lm
1416 362 1565 413 [selon.
1631 359 1868 402 Pescia-cola

242 433 396 484 (1415)
428 432 670 474 Dezcmbm·
700 434 769 473 26.

210 514 440 555 Bao-calmas.
469 512 730 553 Kronarclziv,
759 512 819 546 Or.
846 513 944 555 Pap.

302 631 309 639 .
355 599 578 640 Perlectis
620 598 789 639 litteris
833 597 1198 639 credencialibus
1242 597 1549 647 expositaque
1592 596 1728 637 michi
1774 608 1869 637 cre-

94 670 257 711 dencia
289 669 495 710 eiusdem
532 669 802 710 serenitatis
837 680 892 709 ex
926 670 1059 718 parte
1094 679 1241 718 per..
1270 699 1276 706 .
1312 666 1637 718 Raymundum
1672 666 1872 707 Xatmar

94 741 286 781 militem
335 742 383 781 et
431 740 620 780 Petrum
671 739 855 780 Basseti
907 739 1057 789 legum
1108 735 1472 789 professorem¹)
1522 738 1643 788 patri
1693 738 1870 778 miseri-

93 811 356 853 cordiarum
390 813 439 852 et
470 810 566 851 Deo
610 810 763 851 tocius
799 809 1140 851 consolacionis
1184 809 1447 860 graciarum
1483 809 1626 848 redidi
1672 809 1871 849 actionis

94 914 102 922 .
138 913 146 922 .
182 914 190 923 .
226 894 307 933 pro
343 884 502 923 vestre
544 881 860 922 illustrissime
896 892 1093 931 persone
1138 879 1523 921 convalesceiicia
1558 911 1565 918 .
1601 910 1609 919 .
1646 912 1653 919 .
1718 880 1870 930 Quan-

95 955 192 994 tum
227 964 338 993 vero
375 984 383 993 .
419 984 427 992 .
463 984 471 992 .
514 952 756 1003 negocium
803 951 1052 1002 principale
1097 951 1349 998 concernit„
1397 952 1521 990 teste
1566 950 1872 1000 consciencia,

92 1023 230 1064 habui
275 1034 472 1074 semper,
517 1022 666 1063 habeo
713 1024 759 1063 et
804 1054 811 1062 .
857 1054 863 1061 .
910 1034 1025 1062 ,1116
1070 1021 1337 1062 habiturum
1386 1020 1566 1062 confido
1604 1053 1611 1061 .
1648 1053 1655 1061 .
1692 1053 1699 1060 .
1746 1021 1870 1062 illam

93 1094 348 1145 puritatem
390 1093 638 1135 afectionis
683 1093 740 1134 ad
783 1105 944 1144 pacem
989 1096 1033 1133 et
1069 1093 1284 1133 unionem
1319 1091 1515 1133 ecclesie
1549 1094 1871 1142 sacrosancte,

92 1164 239 1205 zelum
284 1164 342 1205 ad
385 1164 688 1205 serenitatem
733 1164 962 1204 mencium
1009 1165 1052 1203 et
1101 1162 1472 1213 tranquilitatem
1517 1163 1758 1204 christiani
1794 1176 1871 1214 po-

93 1235 197 1287 puli,
241 1247 357 1286 quos
401 1235 550 1286 quivis
594 1235 742 1275 bonus
777 1238 821 1275 et
867 1234 1125 1275 catholicus
1170 1233 1454 1274 christianus
1497 1233 1668 1274 habere
1711 1237 1869 1285 potest

211 1337 218 1346 .
272 1305 493 1347 Preterea
548 1338 555 1346 .
607 1337 614 1344 .
667 1337 674 1345 .
730 1305 1081 1346 ambaxiatores
1137 1337 1144 1345 .
1202 1337 1209 1345 .
1262 1336 1269 1344 .
1324 1316 1453 1345 more
1509 1305 1717 1355 tragedie
1771 1317 1871 1356 pre-

93 1379 319 1428 ponentes
358 1361 452 1417 leta
496 1376 620 1417 tristi
664 1375 864 1416 finaliter
907 1376 1249 1421 concluserunt,
1295 1407 1302 1414 .
1340 1407 1346 1414 .
1390 1408 1396 1414 .
1442 1376 1576 1426 quod7
1619 1376 1707 1416 nisi
1750 1376 1869 1417 illico

95 1447 331 1489 contentis
364 1448 408 1488 in
448 1447 755 1499 requisicione
799 1447 1100 1498 adquiescere
1143 1458 1415 1488 curaremus
1450 1447 1602 1497 operis
1638 1459 1717 1497 per
1751 1446 1869 1488 efec-

94 1521 214 1571 tum,
279 1519 402 1574 circa
458 1530 686 1569 personas
741 1521 787 1559 et
840 1518 961 1558 bona
1016 1530 1154 1568 quain
1218 1518 1472 1558 maximum
1538 1518 1870 1559 detrimentum

94 1593 377 1642 pateremur,
412 1589 536 1631 omni
561 1589 773 1630 amicicia
807 1592 1218 1640 quantumcunque
1242 1589 1420 1640 intima7
1456 1592 1504 1629 ut
1530 1589 1685 1630 verbis
1710 1602 1869 1631 eorum

94 1663 214 1712 utar,
259 1661 394 1702 nobis
436 1660 719 1701 mullatenus
763 1660 1001 1711 profitura.
1068 1660 1163 1710 Que
1208 1659 1351 1700 verba
1392 1660 1481 1701 etsi
1529 1660 1684 1701 tristia
1727 1661 1871 1701 0111111-

95 1731 181 1772 bus
214 1731 413 1773 dominis
446 1731 562 1772 meis
597 1731 909 1772 cardinalibus
944 1731 1047 1771 visa
1080 1730 1282 1781 fuerunt,
1317 1730 1454 1771 michi
1491 1733 1646 1771 tamen
1682 1731 1870 1772 minimo

94 1802 216 1843 inter
261 1814 344 1843 eos
391 1802 520 1843 fuere
570 1802 803 1843 amariora
854 1833 861 1841 .
914 1833 920 1840 .
972 1833 979 1841 .
1045 1801 1243 1852 Escript.
1292 1801 1534 1843 Paniscole
1580 1801 1738 1842 XXVI.
1785 1802 1871 1843 De-

96 1873 308 1914 cembris.

92 2035 214 2090 (215)
242 2037 571 2092 Ermc'iequngyen
601 2038 685 2091 fiir
718 2039 817 2079 und
851 2039 1004 2089 wider,
1039 2038 1089 2079 ob
1111 2037 1360 2078 Beneclikts
1415 2036 1646 2079 'ardinale
1682 2040 1760 2079 neit
1782 2040 1872 2079 den

242 2108 563 2150 Konslcmzern
604 2110 705 2150 und
748 2109 798 2151 ob
832 2110 896 2150 sle
930 2110 1064 2150 einen
1094 2109 1320 2162 fritlam-en
1351 2107 1593 2151 Κανᾶιήαῐ
1625 2109 1873 2151 Bcnede‘kls

241 2180 423 2221 ‘tvc'ihlen
454 2180 639 2233 cliirfen.
705 2182 840 2226 (1415
874 2180 1001 2221 Eudo
1015 2183 1051 2225 Ρ)

212 2260 321 2302 Rom,
354 2261 439 2295 Vat.
466 2260 564 2295 Bibl.
596 2260 685 2296 Coa.
712 2261 925 2295 Barbcre'ne'
951 2261 1050 2295 XVI
1071 2262 1117 2295 &3
1134 2263 1161 2306 f.
1191 2262 1269 2295 136.

213 2346 388 2398 Posito,
424 2347 545 2397 quod
579 2347 793 2388 dominus
817 2350 982 2388 noster
1006 2347 1267 2388 remitteret
1294 2348 1525 2398 pretensis
1558 2348 1870 2389 cardinalibus

95 2415 460 2457 de(s.'onsta110ia
492 2429 653 2458 omnes
684 2430 826 2468 penas
851 2420 895 2458 et
932 2419 1214 2469 sentencias,
1249 2430 1364 2469 quas
1400 2431 1426 2459 a
1450 2419 1546 2458 iure
1581 2418 1650 2458 vel
1687 2418 1871 2459 homine

95 2487 405 2539 incurrerunt,
440 2490 487 2528 et
515 2500 676 2528 omnes
710 2500 962 2537 processus
998 2490 1163 2529 contra
1196 2500 1278 2529 eos
1302 2489 1458 2529 factos
1493 2489 1765 2539 simpliciter
1789 2501 1870 2540 pro

95 2556 279 2598 infectis
324 2557 530 2608 haberet,
576 2558 678 2610 hoc,
724 2558 925 2609 inquam,
972 2559 1231 2610 supposito,
1265 2562 1523 2610 queruntur
1562 2559 1670 2600 duo:
1718 2560 1870 2600 Primo

95 2623 353 2678 que1·itur‚'²)
394 2631 549 2668 utrum
594 2628 854 2670 cardinales
898 2629 1125 2670 catholice
1168 2630 1317 2680 partis
1358 2633 1553 2681 possent
1587 2643 1689 2672 cum
1734 2631 1870 2671 dictis

96 2699 328 2748 pretensis
370 2699 461 2739 iam
505 2711 585 2749 per
627 2699 930 2740 abolicionem
973 2700 1319 2741 sentenciarum
1363 2713 1444 2751 per
1476 2702 1722 2742 ecclesiam
1757 2701 1870 2742 tole-

94 2768 212 2809 ratis
255 2769 298 2809 in
341 2769 567 2810 electione
610 2770 777 2810 summi
820 2770 1051 2821 pontificis
1095 2772 1459 2821 communicare3
1502 2769 1548 2812 2⁰
1594 2775 1747 2813 utrum
1794 2785 1871 2823 pa-

94 2839 212 2890 palis
257 2839 462 2890 dignitas
509 2840 674 2881 cadere
717 2840 773 2891 (52)
819 2842 983 2891 posset
1029 2841 1218 2883 realiter
1259 2843 1307 2883 et
1352 2842 1406 2883 de
1453 2842 1580 2884 facto
1626 2843 1671 2883 in
1717 2843 1870 2894 aliquo

217 2977 241 3014 ¹)
275 2971 524 3022 Uberbrinyer
550 2980 618 3013 der
646 2979 776 3014 letzten
802 2980 1053 3023 chuisitimz.

215 3035 242 3078 ²¹)
268 3036 342 3070 Am
367 3037 528 3072 Raude:
566 3037 703 3071 Utrum
740 3048 785 3072 ex
823 3038 895 3072 hoc
933 3038 1183 3072 efficerentur
1219 3039 1342 3073 abiles
1379 3040 1428 3074 ad
1465 3039 1689 3082 eligendum
1714 3050 1869 3083 papam.

99 3094 148 3128 Ob
174 3096 445 3131 ciitznrcihen?
