2178 3404
271 146 354 185 41211
633 154 691 186 Ill.
721 153 939 187 Absclmitt.
991 152 1183 187 Benedikt
1209 152 1307 187 XIII.
1336 154 1413 188 und
1442 155 1512 187 das
1539 154 1686 188 Konzil.

267 263 353 303 hoc
388 263 556 303 habeat
593 263 796 302 animum
832 262 1059 302 fervidum
1094 265 1141 303 et
1172 265 1482 315 constantem,
1517 266 1590 304 set
1624 266 1675 305 ut
1709 277 1842 305 suum
1876 266 2043 306 reddat

268 333 488 383 debitum,
539 333 927 383 quemadmodum
977 346 1061 374 sua
1109 336 1350 384 magestas
1400 335 1526 385 regia
1575 334 1750 376 fecerat
1799 336 1842 375 in
1889 336 2038 386 ipsam

268 404 623 444 universitatem
658 404 845 444 fortiter
878 404 1184 445 exhort-ando.

386 472 577 525 Quarto,
612 475 732 524 quod
757 474 963 524 placeret.
996 474 1129 515 nobis
1165 475 1367 515 scribere
1401 487 1483 516 sue
1517 477 1786 527 magestati,
1822 477 2041 527 quatinus

266 544 415 594 ipsam
450 545 809 585 universitatem
845 548 1067 595 tanquam
1116 558 1247 586 suam
1294 546 1514 586 devotam
1558 546 1725 587 habeat
1776 547 2073 602 specialiter*

267 615 657 655 commendatam.

384 686 567 737 Quinto,
595 686 717 736 quod
740 687 864 727 dicta
888 687 1174 727 universitas
1200 700 1249 727 se
1274 687 1502 727 offerebat
1526 699 1608 728 sue
1633 688 1762 738 regie
1786 689 2041 739 magestati

264 757 306 796 in
328 756 540 797 omnibus
560 758 659 796 eius
681 758 1067 798 concernentibus
1089 758 1333 798 comodum
1355 761 1398 798 et
1416 758 1654 799 honorem.
1674 759 1732 799 Et
1750 759 2041 811 addiderunt,

265 827 385 877 quod
405 827 689 869 universitas
713 829 803 868 iam
830 829 1143 879 ordinaverat,
1164 829 1286 879 quod
1310 829 1471 869 fierent
1496 829 1540 869 in
1564 829 1692 870 brevi
1717 832 1813 869 tam
1834 829 2040 870 Parisius

264 909 400 947 quam
438 898 541 938 alibi
567 910 646 948 per
670 911 862 949 regnum
889 900 1213 949 processiones
1240 900 1519 950 sollempnes
1544 912 1626 951 pro
1656 900 1822 941 unione
1845 901 2040 941 ecclesie

263 971 309 1008 et
335 969 680 1018 regraciacione
702 970 755 1009 de
784 971 989 1020 presenti
1015 970 1326 1020 disposicione
1351 970 1463 1010 data
1492 971 1712 1011 divinitus
1738 971 1795 1011 ad
1819 971 2011 1012 eandem
2032 985 2040 1022 ;

262 1041 309 1079 et
343 1039 450 1080 iient
487 1039 545 1079 ibi
582 1051 822 1080 sermones
857 1054 924 1082 ea.
960 1053 1046 1090 que
1079 1043 1216 1091 gesta
1250 1043 1293 1080 et
1332 1041 1617 1082 ctmcordata
1653 1044 1762 1082 sunt
1787 1042 1845 1082 ad
1879 1054 2039 1093 pacem

264 1110 395 1157 hanc,
435 1111 774 1160 explicantes.²¹)

384 1180 554 1221 Eadem
590 1182 661 1221 die
695 1184 799 1232 post
837 1182 1078 1232 prandium
1112 1182 1281 1223 ivimus
1317 1183 1373 1222 ad
1407 1183 1446 1222 d.
1486 1183 1812 1224 cancellarium
1848 1184 2039 1225 Francie

265 1263 404 1302 super
429 1252 790 1292 accelleracione
826 1247 1192 1303 responcionisb)
1225 1253 1359 1293 nobis
1384 1253 1545 1304 tiende,
1580 1254 1653 1304 qui
1686 1254 1825 1304 peciit
1859 1255 2037 1304 copiam

264 1322 663 1363 substructionum
699 1326 743 1363 et
781 1324 1088 1374 cal›it,=11101‘uin
1127 1324 1518 1365 concordatorum
1553 1324 1782 1365 Narbone.
1833 1325 2039 1366 Tradidi-

262 1405 365 1433 mus
401 1396 555 1433 autem
591 1394 738 1434 eidem
787 1395 966 1445 copiam
1011 1395 1429 1446 substractmnum,
1477 1396 1657 1446 copiam
1703 1407 1815 1436 vero
1862 1397 2039 1446 capitu-

264 1464 409 1503 lorum
436 1464 666 1505 voluimus
686 1477 926 1505 excusare.
982 1464 1136 1506 Causa
1167 1469 1338 1517 autem,
1371 1478 1512 1517 quare
1542 1467 1773 1507 voluimus
1798 1478 2038 1518 excusare,

262 1535 344 1575 hec
369 1534 453 1575 fuit
481 1535 669 1585 duplex:
697 1536 807 1587 Una,
833 1537 938 1587 quia
961 1537 1005 1576 in
1029 1537 1416 1577 instruct-ionibus
1440 1549 1531 1577 non
1555 1537 1869 1578 mandabatur
1891 1538 2040 1588 nobis,

262 1608 305 1646 ut
347 1606 654 1656 capitulorum
698 1607 877 1657 copiam
913 1608 1222 1657 traderemus,
1269 1608 1372 1659 alia,
1405 1608 1510 1658 quia
1552 1607 1686 1648 nobis
1732 1608 1919 1650 fuerant
1964 1609 2040 1649 illa

262 1676 462 1726 capitula
498 1689 588 1717 non
623 1678 809 1728 signata
844 1690 927 1719 nec
962 1679 1004 1718 in
1040 1679 1191 1719 forma
1217 1679 1468 1719 autentica.
1533 1678 1591 1719 Et
1614 1679 1716 1720 ideo
1740 1679 1828 1721 hoc
1853 1679 2040 1720 erubes-

263 1750 423 1787 centes
458 1748 803 1793 excusavimus,
839 1749 960 1789 sicut
988 1749 1239 1799 potuimus,
1274 1749 1496 1801 dicentes,
1532 1749 1667 1801 quod,
1703 1762 1807 1791 cum
1837 1750 2039 1801 capitula

260 1817 332 1857 illa
369 1820 526 1858 essent
564 1831 648 1858 sua
683 1820 801 1859 sicut
838 1822 1001 1860 nostra
1037 1822 1081 1860 et
1118 1820 1238 1870 quod
1284 1821 1328 1860 in
1376 1820 1625 1861 concordia
1670 1820 1850 1862 illorum
1898 1822 2039 1862 inter-

264 1892 491 1929 venerant
534 1890 686 1929 nuncii
729 1890 852 1940 regis
888 1890 1080 1931 Francie
1114 1893 1159 1931 et
1200 1891 1537 1942 universitatis,
1580 1891 1879 1943 mirabamur,
1920 1891 2040 1942 quod

258 1959 342 2009 ipsi
377 1959 453 1999 illa
488 1960 690 2010 capitula
724 1972 813 2001 non
848 1961 1099 2011 haberent,
1133 1974 1219 2002 nos
1254 1962 1374 2002 enim
1410 1962 1596 2003 omnino
1631 1962 1891 2013 credentes,
1917 1962 2039 2013 quod

260 2030 346 2079 ipsi
396 2029 622 2071 haberent
669 2031 758 2078 illa,
808 2044 899 2072 11011
950 2044 1285 2073 curaveramus
1343 2032 1419 2073 illa
1471 2035 1661 2083 portare
1706 2033 1947 2074 nobiscum
1994 2034 2037 2074 in

260 2099 413 2140 forma
438 2101 690 2153 autentica,
726 2104 795 2142 set
822 2102 866 2142 in
892 2103 1086 2152 simplici
1111 2103 1261 2143 forma
1290 2115 1372 2153 pro
1397 2103 1597 2153 quadam
1622 2104 1862 2145 memoria.
1898 2103 2038 2144 Audi-

259 2183 480 2212 veramus
523 2174 678 2212 autem
728 2173 1083 2213 universitatem
1130 2174 1205 2214 illa
1251 2173 1421 2214 habere
1466 2174 1511 2214 in
1559 2175 1827 2215 auctentica
1872 2173 2036 2215 forma.

260 2242 517 2293 Respondit
541 2243 653 2294 ipse,
678 2244 813 2294 quod,
838 2244 1054 2294 quidquid
1077 2246 1207 2284 esset
1237 2244 1291 2284 de
1321 2245 1646 2296 universitate,
1677 2245 1849 2285 domini
1879 2247 2037 2286 tamen

256 2314 331 2353 illa
367 2314 569 2364 capitula
603 2326 694 2354 non
728 2314 961 2355 habebant
998 2317 1042 2355 et
1079 2315 1134 2355 de
1168 2315 1281 2365 ipsis
1322 2316 1553 2356 modicum
1602 2318 1684 2356 aut
1728 2315 1863 2355 nichil
1912 2315 2036 2356 audi-

259 2386 436 2424 verant.
504 2384 560 2424 Et
593 2384 694 2425 ideo
731 2385 900 2426 bonum
936 2388 1052 2436 erat,
1088 2386 1209 2436 quod
1244 2386 1552 2436 traderemus,
1588 2386 1710 2426 sicut
1734 2386 2037 2438 liabeba1nUS,

256 2458 302 2494 et
335 2455 505 2495 domini
539 2455 614 2495 illa
648 2455 859 2496 viderent
893 2458 940 2496 et
974 2459 1081 2507 post
1115 2469 1202 2497 nos
1237 2468 1451 2497 essemus
1487 2469 1589 2497 cum
1625 2457 1691 2496 eis
1727 2459 1774 2497 et
1805 2456 2036 2497 conferre-

256 2537 359 2565 mus
394 2526 448 2565 de
482 2527 693 2577 materia,
729 2527 766 2566 si
801 2527 1053 2577 expediret.
1119 2527 1175 2567 Et
1220 2530 1560 2578 consequenter
1606 2527 1937 2578 procederetur
1980 2528 2036 2568 ad

256 2595 507 2645 pleniorem
543 2598 898 2647 responcionem
934 2600 978 2638 et
1015 2598 1360 2648 expedicionem
1394 2601 1621 2639 nostram.
1676 2598 2035 2649 Replicavimus,

256 2666 377 2716 quod
410 2679 495 2707 nos
530 2679 620 2707 11011
656 2680 935 2709 veneramus
971 2669 1027 2709 ad
1062 2669 1390 2720 disputandum
1417 2669 1471 2709 de
1501 2669 1700 2710 materia
1727 2669 2034 2719 capitulorum

254 2748 338 2777 nec
374 2737 431 2777 ad
467 2738 634 2788 aliquid
668 2738 1023 2790 immutandum,
1059 2742 1133 2780 set
1157 2740 1307 2781 solum
1343 2740 1400 2780 ad
1432 2740 1702 2780 instandum
1738 2742 1783 2780 et
1816 2741 2035 2780 exortan-

194 2804 200 2805 ’
257 2807 363 2847 (111111
398 2808 455 2848 ad
490 2820 651 2858 pacem
687 2809 882 2849 ecclesie
917 2810 1171 2851 secundum
1206 2811 1295 2862 illa,
1319 2822 1405 2861 que
1438 2813 1537 2851 tam
1568 2810 1749 2861 digeste
1783 2813 1830 2851 et
1852 2813 2035 2851 mature

258 2879 303 2917 et
340 2878 461 2918 inter
496 2879 615 2919 tales
650 2881 697 2919 et
731 2882 892 2920 tantos
934 2880 1119 2922 fuerant
1165 2882 1464 2933 concordata,
1509 2883 1648 2931 prout
1689 2893 1834 2932 nuper
1877 2893 2033 2922 coram

259 2949 452 2989 consilio
478 2950 600 2999 regis
625 2950 1027 3000 explicaveramus
1052 2954 1226 3002 aperte.
1273 2951 1529 3002 Respondit
1556 2952 1676 3002 ipse:
1702 2951 1851 3003 Absit,
1875 2952 2034 3002 inquit,

377 3065 408 3093 a)
429 3062 683 3090 Durohstriaehen
708 3062 960 3089 concludentes,
1000 3063 1030 3091 bl
1053 3065 1095 3090 So
1121 3066 1169 3089 (tr.
