2178 3404
277 159 363 199 344
675 166 718 198 ΙΙ.
747 164 966 198 ΑΙ)5(·1111111.
1018 163 1167 206 Gregor
1193 163 1274 195 XII.
1302 162 1379 195 und
1407 162 1476 195 das
1504 162 1652 197 Konzil.

276 277 505 327 publicum
551 274 879 315 documentum
915 274 1058 323 patet.
1124 270 1416 319 Adiecistisst)
1459 272 1693 313 clausulas
1733 274 1957 323 quasdam
2002 274 2045 313 in

275 346 592 397 10511011510110,
638 356 775 394 quam
823 344 1008 383 domino
1052 345 1161 383 tunc
1206 342 1427 392 Gregorio
1471 342 1577 392 XII„
1621 344 1796 384 scilicet
1842 344 1896 384 de
1941 356 2046 384 con-

276 417 499 457 vencione
524 415 764 464 utriusque
789 414 1098 464 personaliter
1120 425 1211 454 una
1236 425 1339 453 cum
1365 413 1569 463 collegiis
1596 414 1769 454 vestris
1793 408 1918 461 etc.¹')
1952 414 2047 455 Has

276 487 456 537 quidem
493 485 728 525 clausulas
754 497 838 524 vos
872 496 954 535 pro
981 484 1187 525 celeriori
1213 484 1477 534 pociorique
1501 484 1629 534 pacis
1659 486 1706 525 et
1728 485 1909 525 unionis
1943 497 2048 526 exe-

277 558 466 597 0110101ιο
500 556 735 596 addidisse
769 556 1089 596 arbitrandum
1124 557 1211 595 est.
1266 555 1381 595 Nam
1418 555 1455 594 si
1490 555 1737 596 adinvente
1771 555 1971 596 fuissent
2004 556 2048 596 in

275 627 668 678 impedimentum,
713 626 1035 667 difficultatem
1082 628 1129 666 et
1172 625 1565 676 protellacionem⁷
1609 638 1709 666 cum
1746 625 1888 666 verba
1930 626 2050 666 bulle

276 701 434 738 vestre
468 697 673 748 predicte
704 699 825 737 sunt:
861 697 974 746 „Tibi
998 696 1288 747 presencium
1324 697 1486 736 tenore
1519 696 1835 747 significamus
1860 698 1903 736 et
1940 696 2050 737 offe-

275 769 434 817 rimus„
478 768 613 819 (1110(1,
660 770 709 808 111.
757 770 852 807 tam
901 768 1199 817 peroptatum
1246 766 1429 806 unionis
1474 767 1717 817 negocium
1766 767 1961 807 celerius
2005 769 2051 808 et

277 839 487 879 securius
513 838 672 879 valeat
695 838 961 879 execucioni
986 837 1212 886 mandari,
1247 837 1399 887 parati
1425 849 1587 877 sumus
1611 849 1703 877 una
1728 850 1831 878 cum
1858 838 2050 888 collegio

276 909 394 959 etcf,
429 909 535 960 quid
569 909 692 949 aliud
727 909 814 949 dici
849 910 1026 959 posset,
1060 908 1147 948 nisi
1182 920 1268 948 vos
1303 908 1388 947 sub
1424 908 1578 948 verbis
1603 908 1736 948 bonis
1771 920 1861 949 non
1896 908 2051 949 formi-

276 981 415 1021 dasse
451 978 828 1030 Onmipotentem
854 979 1088 1020 offendere
1122 981 1168 1019 et
1198 991 1289 1019 11011
1313 978 1556 1019 erubuisse
1590 979 1836 1020 universos
1861 978 2052 1020 Christi-

277 1052 404 1092 colas
438 1051 613 1102 fallere,
648 1053 695 1091 et
718 1063 857 1101 posse
892 1051 1215 1091 nichilominus
1249 1050 1304 1090 de
1339 1050 1537 1100 periurio
1575 1051 1800 1101 convinci7
1835 1051 2051 1102 quoniam

275 1123 484 1171 iurastis,
519 1122 640 1172 quod
674 1122 732 1162 ad
766 1122 979 1162 unionem
1007 1121 1201 1162 ecclesie
1235 1123 1283 1161 et
1316 1121 1450 1161 finem
1477 1121 1804 1171 imponendum
1840 1122 2053 1163 scismati

276 1194 321 1233 in
355 1193 555 1234 ecclesia
599 1195 707 1233 tunc
752 1192 941 1242 vigenti,
976 1193 1201 1242 quantum
1236 1192 1280 1231 in
1315 1191 1448 1232 vobis
1491 1191 1627 1243 foret7
1671 1191 1847 1243 absque
1891 1192 2054 1232 fraude

277 1266 323 1305 et
372 1264 476 1304 dolo
525 1266 573 1303 et
618 1263 968 1303 machinacione
1017 1262 1383 1313 quibuscumque
1432 1261 1712 1303 laboraretis
1761 1262 1959 1303 fideliter
2006 1266 2055 1304 et

277 1335 535 1385 diligenter„
569 1336 795 1384 quantum
830 1334 887 1374 ad
913 1346 998 1374 vos
1033 1333 1296 1384 pertinebat
1331 1345 1413 1373 seu
1446 1333 1594 1373 eciam
1619 1334 1876 1384 pertineret
1909 1335 1952 1374 in
1985 1334 2054 1375 fu-

277 1408 432 1446 turum
470 1438 477 1445 .
514 1437 521 1444 .
558 1437 566 1445 .
604 1405 648 1445 Si
693 1416 802 1455 ergo
845 1405 1000 1445 addite
1045 1407 1155 1445 sunt
1199 1404 1494 1445 condiciones
1535 1404 1606 1444 vel
1651 1404 1855 1445 clausule
1898 1405 1941 1444 in
1985 1417 2054 1445 re-

278 1476 528 1526 sponsione
572 1476 779 1526 predicta
822 1478 869 1516 et
906 1476 950 1515 in
994 1475 1096 1515 aliis
1139 1475 1414 1525 quibusdam
1449 1475 1623 1515 vestris
1666 1475 2055 1526 disposicionibus

277 1547 380 1587 illas
415 1546 801 1587 confirmantibus
836 1548 883 1586 et
918 1546 1130 1586 videatur
1164 1548 1337 1596 aperte,
1381 1546 1501 1596 quod
1536 1546 1660 1586 circa
1698 1546 1801 1586 illas
1835 1547 2055 1587 insistere

277 1617 458 1658 unionis
492 1617 657 1658 dilacio
691 1617 812 1658 foret
842 1619 889 1657 et
922 1617 1246 1657 excusacionis
1282 1617 1441 1667 pocius
1477 1629 1611 1667 quam
1649 1617 1883 1668 utilitatis,
1919 1630 2053 1668 opor-

278 1688 495 1729 tunitatis
531 1688 785 1738 celerisque
828 1688 1137 1737 execucionis,
1172 1687 1228 1727 ab
1269 1687 1356 1727 illis
1389 1699 1480 1727 11011
1517 1688 1665 1727 50111111
1701 1700 1757 1728 ex
1791 1688 2055 1739 honestate¹7

279 1771 440 1799 verum
475 1771 529 1799 ex
564 1758 718 1799 debito
754 1759 931 1799 resilire
976 1758 1209 1799 tenemini.
1274 1758 1467 1799 Poterat
1501 1758 1621 1798 enim
1656 1761 1766 1799 tunc
1802 1759 2055 1800 convencio

279 1830 538 1881 personalis
582 1830 763 1880 utrique
798 1832 1066 1870 vestrorum
1111 1829 1302 1880 collegio
1338 1829 1562 1879 prodesse
1605 1832 1794 1880 propter
1827 1842 2049 1880 penarum

286 1901 625 1951 1011115510110111,
674 1901 1090 1950 restauracionem,
1136 1900 1553 1951 dispensacionem,
1601 1900 1977 1942 habilitacionem
2012 1902 2059 1941 et

279 1972 718 2022 auctorizacionem,
744 1972 1122 2022 acceptacionem
1144 1973 1185 2011 et
1213 1971 1514 2021 collegiorum
1533 1973 1888 2022 ceterorumque
1911 1983 2055 2011 mem-

281 2043 465 2082 brorum
502 2043 775 2083 unicionem.
841 2042 987 2083 Facta
1032 2044 1142 2082 sunt
1184 2042 1266 2082 hec
1311 2042 1466 2082 omnia
1509 2054 1590 2092 per
1631 2042 1713 2083 Dei
1747 2042 1955 2093 graciam
2000 2054 2055 2082 ex

280 2115 412 2163 parte
446 2113 486 2153 d.
523 2112 728 2163 Gregorii
764 2115 808 2153 et
854 2113 1132 2159 obediencie„
1177 2124 1264 2163 que
1306 2112 1394 2152 fuit
1437 2113 1609 2153 domini
1652 2113 1759 2153 olim
1803 2113 2057 2164 nuncupati

277 2183 505 2224 Johannis
548 2184 591 2223 in
634 2184 720 2224 hoc
771 2196 907 2224 sacro
951 2184 1159 2235 concilio,
1203 2183 1360 2223 debita
1403 2184 1688 2224 auctoritate
1733 2184 2056 2235 communique

281 2266 510 2295 consensu
546 2255 589 2294 in
633 2255 815 2296 vinculo
863 2255 1077 2295 caritatis
1120 2255 1296 2295 unitive
1341 2256 1387 2294 et
1429 2255 1785 2305 dispensacione
1833 2255 2056 2295 canonica

281 2328 420 2376 atque
454 2326 681 2376 prudenti.
744 2326 936 2366 Poterat
969 2328 1183 2376 preterea
1218 2326 1261 2365 in
1297 2325 1612 2366 convencione
1646 2326 1722 2366 illa
1764 2325 2058 2376 provideris)

280 2396 385 2436 istis
420 2397 566 2437 eciam
602 2397 838 2447 provisum
875 2399 949 2437 est
993 2398 1159 2447 sponte
1195 2396 1460 2446 liberalique
1497 2408 1656 2437 amore
1698 2396 1821 2437 nullo
1857 2396 2056 2447 compel-

283 2467 404 2507 lente
428 2467 599 2508 federis
634 2480 817 2519 genere,
851 2480 937 2518 que
961 2470 1095 2508 tanto
1130 2468 1321 2508 maioris
1356 2467 1538 2508 roboris
1567 2467 1827 2508 stabilitate
1862 2466 2055 2508 fundan-

282 2540 371 2589 tur⁷
407 2540 581 2588 quanto
622 2539 772 2579 omnis
809 2539 1030 2579 violencie
1068 2539 1287 2589 ignorant
1322 2539 1538 2589 speciem.
1593 2538 1631 2578 A
1667 2538 1901 2579 contrario
1936 2538 2055 2578 enim

284 2610 559 2658 argumento
594 2609 832 2659 probatum
867 2610 973 2660 quia
1004 2609 1178 2649 nullum
1213 2609 1470 2650 violentum
1504 2611 1579 2649 est
1611 2611 1900 2660 perpetuum,
1935 2608 2057 2659 quod

283 2679 561 2727 ultroneum,
586 2680 800 2730 precipue
824 2680 869 2720 in
888 2680 1138 2721 honestate
1160 2680 1421 2731 fundatum,
1440 2680 1646 2720 durabile
1666 2679 1948 2721 censendum
1968 2681 2056 2730 051,

284 2750 531 2800 presertim
566 2762 746 2801 quoque
786 2751 823 2790 si
868 2751 923 2791 ab
959 2751 1186 2801 omnibus,
1230 2762 1345 2801 (11105
1390 2752 1556 2802 tangit,
1601 2750 1900 2801 approbatur.
1965 2749 2056 2790 Au-

284 2820 396 2872 diat,
414 2820 635 2871 supplico7
652 2822 961 2871 equanimiter
975 2822 1239 2872 benignitas
1256 2824 1430 2873 vestra,
1451 2817 1605 2874 [quod]
1623 2821 1698 2862 vix
1714 2821 1810 2861 fieri
1828 2821 2058 2861 valuisset

284 2891 406 2931 inter
436 2891 476 2931 d.
512 2890 783 2942 Gregorium
823 2894 871 2932 et
904 2904 989 2933 vos
1023 2892 1273 2943 disposicio
1308 2893 1362 2933 de
1398 2894 1529 2933 statu
1562 2894 1722 2933 vestro
1756 2891 1927 2942 futuro,
1970 2903 2056 2941 que

404 3033 434 3056 a)
459 3027 507 3054 Hs
520 3027 599 3062 fola!
614 3029 675 3054 vel.
715 3028 745 3057 b)
770 3028 862 3055 Folzlt
877 3028 1018 3055 dedistis
1038 3029 1115 3057 oder
1136 3028 1286 3055 misistis.
1325 3030 1353 3056 1)
1377 3029 1509 3056 He'vrist
1527 3036 1567 3055 zet
1581 3030 1752 3063 erysimon:
1775 3027 1903 3062 Quibus
1919 3028 2053 3061 poterat

285 3076 362 3102 oder
381 3074 524 3103 c'ihnlieh.
