2178 3404
664 184 752 218 Karl
782 184 992 217 Malatesta
1022 195 1069 216 an
1099 183 1141 216 K.
1171 183 1401 220 siffismund.
1830 176 1913 216 332?

153 295 495 343 (r'onstanciam,
536 294 744 335 dicimus.
790 325 796 331 .
833 325 839 331 .
878 324 884 331 .
932 293 1035 343 quia
1071 297 1246 333 statum
1285 305 1415 333 suum
1469 297 1509 333 et
1563 293 1910 342 magnificorum

152 367 348 408 fratrum
384 376 574 405 suorum
609 364 674 404 uti
710 363 943 414 proprium
980 366 1265 413 reputamus.
1314 364 1516 403 scientes
1563 374 1693 403 suam
1741 364 1915 413 magni-

151 436 388 479 ficenciam
424 434 712 485 disposuisse
749 434 862 474 velle
895 433 959 473 ire
995 434 1324 474 (fonstanciam
1360 434 1417 474 ad
1452 434 1708 475 concilium.
1734 435 1916 485 rogavi-

152 519 254 548 mus
291 538 297 545 .
335 539 342 546 .
378 538 385 545 .
420 504 701 556 Oppizonem
737 504 924 545 Ravene
958 507 1059 544 etc..
1096 507 1145 543 ut
1179 516 1228 544 se
1269 504 1499 544 conferret
1537 505 1593 544 ad
1627 505 1914 554 presenciam

153 589 234 618 sue
268 576 614 628 magnificencie
654 578 697 616 et
745 575 892 616 eidem
939 575 1111 615 diceret
1148 575 1295 615 nostri
1346 581 1490 624 parte.
1539 575 1656 626 quod
1692 575 1919 616 habentes

153 647 535 689 informacionem
571 647 626 687 de
666 645 976 696 disposicione
1012 657 1094 685 sua
1139 645 1345 695 predicta
1385 647 1635 686 maximam
1676 646 1919 686 admiraci-

155 731 287 760 onem
324 729 692 768 sumpseramus,
735 716 856 767 quod
898 728 981 756 sua
1029 715 1393 767 magnificencia.
1442 728 1527 767 que
1571 717 1919 766 sapientissima

152 792 239 831 est.
273 792 317 829 et
354 800 439 840 que
473 788 587 828 vidit
628 790 671 828 et
708 787 957 837 praticavit
1006 789 1075 827 tot
1121 787 1312 837 negocia
1362 798 1441 836 per
1487 787 1583 827 dies
1619 788 1743 836 suos
1781 787 1920 827 talem

155 860 414 911 opinionem
449 859 641 899 haberet
692 870 773 898 nec
826 861 1097 907 poteramus
1147 857 1421 907 ymaginari.
1471 869 1559 907 quo
1611 861 1826 907 respectu
1873 869 1922 897 se

154 932 363 971 moveret
400 930 456 970 ad
500 929 601 977 hoc,
645 932 689 969 et
739 928 984 978 diligentes
1034 939 1166 967 suam
1217 927 1614 978 magnificenciam
1662 934 1703 967 et
1754 927 1920 968 bonum

155 1003 333 1042 statum
369 1012 504 1041 suum
539 1002 627 1040 etc.
663 999 935 1049 magnificos
970 1010 1219 1049 germanos
1255 1010 1366 1038 suos
1393 1004 1614 1048 tanquam
1639 998 1757 1037 tilios
1783 998 1924 1038 caris-

155 1072 315 1122 simos,
352 1103 358 1111 .
396 1103 402 1110 .
439 1102 446 1110 .
487 1069 854 1119 considerantes
896 1070 1013 1109 sicut
1063 1073 1105 1109 et
1155 1069 1251 1118 ipse
1298 1069 1416 1109 scire
1463 1068 1597 1108 debet
1645 1068 1922 1108 distant-iam

156 1141 229 1182 vie
263 1153 317 1183 ac
351 1141 567 1192 pericula3
603 1152 689 1191 que
724 1140 810 1180 sibi
845 1142 1035 1190 possent
1063 1150 1306 1180 occurrere
1331 1142 1375 1179 et
1403 1138 1757 1179 considerantes
1783 1138 1926 1178 modi-

158 1224 259 1255 cam
303 1212 686 1261 benivolenciam,
721 1223 806 1261 que
854 1214 925 1251 est
975 1211 1095 1250 inter
1144 1211 1182 1250 d.
1233 1222 1388 1261 regem
1426 1210 1740 1250 Romanorum
1792 1211 1835 1248 et
1888 1208 1927 1247 d·

158 1282 446 1325 Pandulfum.
487 1282 683 1323 fratrem
731 1294 880 1332 suum7
929 1314 935 1320 .
973 1314 979 1320 .
1017 1314 1023 1320 .
1060 1281 1374 1322 suadebamus
1424 1314 1429 1320 .
1468 1313 1474 1319 .
1511 1313 1517 1319 .
1566 1280 1928 1331 magnificencie.

159 1354 280 1405 quod
311 1353 578 1395 nullomodo
612 1353 699 1393 iret
735 1352 793 1393 ad
826 1352 927 1393 illas
963 1359 1122 1403 partes
1161 1385 1167 1392 .

277 1424 335 1465 Et
369 1425 491 1465 sicut
531 1436 612 1474 per
643 1424 818 1464 dictum
858 1423 1153 1474 magnificum
1196 1423 1234 1463 d.
1272 1421 1550 1473 Oppizonem
1595 1434 1676 1463 sue
1723 1420 1930 1471 magnili-

162 1495 316 1537 cencie
350 1495 516 1546 exponi
547 1494 757 1536 fecimus.
793 1495 859 1534 sic
885 1494 1097 1535 similiter
1126 1493 1273 1534 eidem
1302 1506 1384 1533 sue
1409 1493 1755 1543 magnificencie
1780 1492 1930 1533 dicere

162 1566 392 1617 volumus,
427 1566 652 1616 addendo„
687 1565 807 1616 quod
842 1565 1152 1606 consideratis
1194 1564 1419 1605 terminis.
1455 1563 1619 1615 quibus
1665 1575 1715 1603 se
1763 1562 1928 1613 reperit

163 1637 405 1679 concilium
441 1640 630 1687 propter
665 1648 902 1677 recessum
938 1647 1067 1686 pape..
1092 1635 1294 1676 intencio
1319 1647 1417 1675 sua.
1442 1638 1631 1685 propter
1661 1645 1799 1684 quam
1824 1633 1932 1682 ibat,

161 1719 252 1749 non
286 1710 449 1759 posset
482 1707 653 1748 habere
688 1707 837 1748 locum
873 1712 916 1747 et
954 1706 1309 1747 considerantes
1342 1706 1554 1746 similiter
1588 1705 1761 1745 malam
1786 1704 1932 1743 inten-

164 1778 343 1820 cionem
367 1781 412 1819 et
437 1778 795 1829 disposicionem
820 1778 860 1817 d.
886 1777 1008 1828 regis
1034 1776 1350 1818 Romanorum
1377 1782 1539 1817 contra
1561 1787 1722 1815 omnes
1750 1775 1934 1815 Italicos

163 1851 354 1900 propter
399 1849 553 1899 turpia
595 1852 639 1889 et
687 1848 935 1889 inhonesta
982 1848 1120 1888 verba
1169 1860 1255 1888 sua
1305 1853 1468 1888 contra
1517 1847 1703 1887 Italicos
1752 1845 1933 1896 prolata

164 1924 211 1961 et
244 1920 499 1962 elacionem
534 1919 718 1970 suamss)
752 1919 857 1970 quia.
890 1919 1118 1960 neminem
1157 1919 1393 1969 appreciat
1436 1922 1479 1958 et
1522 1917 1692 1958 nullam
1740 1916 1935 1957 extima-

166 1991 344 2033 cionem
378 1991 491 2032 facit
525 1991 580 2031 de
615 1990 780 2041 aliquo,
817 1990 1129 2040 cuiuscunque
1163 1989 1337 2041 gradus
1383 1994 1426 2029 et
1477 1987 1802 2029 extimacionis
1849 1987 1907 2027 sit
1928 1999 1937 2034 ς

166 2061 462 2104 considerata
511 2061 657 2102 eciam
705 2060 1014 2101 instabilitate
1050 2073 1133 2101 sua
1169 2064 1213 2101 et
1250 2072 1395 2110 parva
1432 2059 1520 2100 fide
1555 2071 1638 2099 sua
1671 2058 1789 2099 satis
1824 2060 1934 2098 nota

165 2134 213 2173 et
246 2132 598 2174 considerantes
632 2132 769 2172 dubia
804 2134 850 2172 et
885 2131 1151 2172 discrimina
1188 2132 1367 2171 viarum
1404 2137 1616 2171 tenemus
1651 2141 1783 2170 suam
1810 2140 1936 2178 mag-

166 2203 454 2244 nificenciam
487 2203 552 2243 ire
587 2214 676 2243 non
713 2214 852 2253 posse
888 2203 986 2242 sine
1020 2202 1272 2242 manifesto
1308 2201 1510 2251 periculo
1546 2211 1744 2251 persone
1780 2231 1786 2238 .
1824 2230 1831 2237 .
1868 2230 1874 2237 .

286 2273 344 2315 Et
376 2274 482 2325 quia
516 2274 645 2314 dixit.
680 2274 801 2324 quod
837 2273 1021 2314 volebat
1058 2274 1124 2314 ire
1158 2273 1393 2313 Veronam
1440 2275 1482 2313 et
1531 2271 1693 2312 deinde
1735 2270 1935 2310 Brixiam

169 2347 216 2386 et
248 2345 308 2386 ibi
342 2347 617 2396 expectaret
650 2345 1002 2395 responsionem
1038 2344 1092 2384 de
1116 2343 1328 2394 partibus
1365 2343 1545 2383 concilii
1570 2344 1614 2382 et
1640 2342 1799 2382 salvos
1832 2351 1937 2381 con-

169 2415 337 2456 ductus
374 2448 381 2456 .
419 2448 425 2455 .
463 2447 470 2455 .
514 2418 557 2455 et
603 2418 768 2465 postea
811 2415 1101 2458 deliberaret.
1144 2414 1249 2465 quid
1292 2418 1419 2454 esset
1468 2414 1679 2453 facturus
1726 2417 1767 2451 et
1821 2443 1827 2450 .
1874 2442 1881 2449 .
1931 2442 1936 2449 .

169 2488 332 2527 notum
364 2486 507 2527 faciet
538 2489 704 2526 nostro
739 2485 956 2535 dominio,
991 2485 1188 2535 dicatur,
1224 2484 1345 2535 quod
1378 2485 1422 2524 in
1457 2484 1543 2525 hoc
1580 2486 1734 2533 potest
1772 2481 1938 2522 delibe-

170 2569 274 2598 rare
307 2569 393 2598 sua
425 2556 790 2607 magnificencia,
824 2559 877 2596 ut«
910 2555 994 2595 sibi
1032 2555 1196 2605 placet,
1233 2558 1303 2595 set
1330 2554 1570 2595 consilium
1602 2556 1814 2594 nostrum
1851 2554 1938 2594 est.

172 2627 292 2678 quod
324 2628 448 2669 nullo
482 2627 620 2668 modo
653 2627 794 2668 vadat
831 2627 888 2667 ad
923 2626 1166 2667 concilium
1201 2626 1457 2676 predictum
1495 2658 1501 2664 .
1539 2657 1545 2664 .

618 2697 684 2738 De
718 2702 850 2748 parte
888 2696 1029 2736 102—
1063 2696 1117 2736 de
1151 2708 1243 2737 non
1277 2695 1391 2736 34—
1425 2708 1517 2736 non
1551 2695 1717 2735 sinceri
1755 2693 1820 2734 14.

173 2839 293 2889 (148)
323 2839 442 2881 Κανί
474 2838 718 2881 malatesta
762 2852 827 2879 cm
860 2837 913 2879 K.
944 2837 1244 2891 Siglc'fflnwed:
1285 2830 1396 2879 Uber
1426 2837 1610 2878 Jolmmt
1650 2834 1828 2877 XXIII.
1864 2835 1941 2874 lm!

323 2924 370 2952 er
401 2911 479 2951 ilm
515 2910 657 2952 durch
693 2908 916 2951 Heinrich
940 2909 1117 2961 Gallum
1157 2910 1424 2962 e'nformiert.
1481 2907 1672 2959 Sclmrfe
1696 2905 1942 2946 (vestrume-

324 2981 454 3023 ristik
496 2982 642 3022 ‹letas-es
687 2979 889 3032 Papstes.
970 2980 1374 3034 Entsclmldifflmgy
1421 2980 1571 3020 seium·
1614 2977 1848 3030 Augyriffeg
1896 2988 1944 3015 er

295 3096 327 3129 a)
348 3096 396 3122 Hs
416 3096 566 3123 elacione
588 3104 658 3122 sua.
