2178 3404
271 125 355 166 28ss
642 135 664 167 I.
694 134 914 167 Abschnitt.
965 132 1121 167 Johanu
1150 133 1286 166 XXIII.
1315 134 1391 166 und
1420 134 1490 167 das
1519 132 1663 167 Konzil.

271 246 325 284 ‹le
360 245 429 284 die
465 245 506 284 in
543 244 658 283 diem
810 243 1151 283 comminantes
1187 245 1234 282 et
1267 243 1352 283 hac
1388 243 1628 294 signanter
1663 244 1923 293 occasione7
1959 275 1965 282 .
2003 275 2009 282 .

271 316 390 365 quod
439 328 522 355 vos
558 347 564 354 .
603 348 654 354 ..
711 315 766 354 ad
817 315 1163 365 reparacionem
1221 314 1397 355 offense
1450 315 1644 355 ecclesie
1698 314 1947 355 universali
2002 317 2045 353 et

270 387 472 438 presenti
509 386 700 426 concilio
727 388 866 436 atque
889 386 1013 436 regie
1038 386 1274 426 maiestati
1299 386 1425 426 illate
1450 398 1552 426 cum
1578 385 1760 435 magnis
1785 384 2047 435 sumptibus

270 461 309 498 et
350 457 566 507 expensis
602 468 789 506 operam
827 456 1022 497 dedistis
1057 456 1311 507 efficacem,
1357 457 1465 497 licet
1500 456 1601 497 alio.
1647 459 1699 496 ut
1734 456 1894 496 fertur.
1939 454 2047 495 ticto

270 530 423 569 colore
470 528 651 578 quesito
689 560 694 566 .
741 559 747 566 .
791 559 797 566 .
846 527 1099 578 Propterea
1147 561 1153 567 .
1200 560 1206 567 .
1253 560 1259 566 .
1310 528 1440 567 vobis
1488 560 1494 566 .
1532 559 1538 566 .
1577 560 1583 566 .
1631 538 1903 567 succurrere
1951 557 1958 565 .
1996 559 2003 566 .

271 600 550 643 censuimus,
587 599 759 639 vestris
804 599 846 638 in
880 598 966 639 hac
1011 601 1144 649 parte
1180 599 1264 649 piis
1308 598 1730 649 supplicacionibus
1775 599 2047 638 annuentes.

269 683 384 722 quas
413 670 697 711 scientificus
727 670 793 709 vir
819 672 976 710 vester
1001 670 1245 720 alumpnus
1270 670 1496 719 magister
1519 668 1757 708 ‚lohannes
1791 668 2046 718 Hugueneti

268 754 466 782 unacum
516 744 780 781 vestrarum
829 741 1090 781 litterarum
1141 741 1494 790 presentacione
1541 740 1735 779 multum
1784 739 1957 779 diserte
2003 743 2046 779 et

269 810 554 864 eleganterss)
586 811 720 852 nobis
755 824 810 852 ex
852 812 1032 862 integro
1068 812 1218 861 palam
1268 812 1496 861 exposuit.
1548 844 1553 851 .
1591 843 1598 850 .
1635 843 1642 850 .
1690 811 1819 851 iuxta
1854 822 2045 861 quarmn

268 890 477 924 tenorem
515 896 596 934 pro
632 883 765 924 vobis
801 884 934 924 celeri
971 884 1224 933 prestamlo
1261 894 1485 923 succursu
1522 882 1838 922 laboravimus
1863 884 1910 921 et
1945 893 2046 921 cum

270 956 392 995 omni
428 955 660 995 instancia
696 955 1021 1005 requisivimus
1056 954 1262 995 illustres
1298 955 1448 995 duces
1466 953 1740 1003 Hurgundie,
1771 953 2044 992 Harrensem

267 1030 309 1067 et
353 1027 628 1077 lmthringie
663 1038 718 1066 ne
756 1027 926 1066 vestris
974 1029 1017 1066 et
1067 1026 1260 1066 ecclesis
1308 1025 1592 1065 adversariis
1640 1025 1777 1064 ullum
1829 1056 1835 1062 .
1873 1057 1879 1063 .
1917 1056 1923 1063 .
1970 1035 2049 1073 per

267 1111 316 1138 se
354 1101 431 1139 aut
470 1110 582 1138 suos
617 1098 778 1138 darent
815 1130 821 1136 .
858 1130 864 1136 .
903 1131 909 1137 .
947 1097 1179 1138 auxilium.
1236 1096 1405 1137 Datum
1434 1096 1714 1136 (¹onstancie
1746 1094 1862 1135 xlv,
1890 1095 2048 1135 Izalen-

1519 1166 1678 1180 11111

281 1254 289 1262 „
431 1253 454 1262 v.
507 1253 514 1261 1
637 1238 647 1260 1

270 1241 378 1280 >9119
415 1244 626 1281 hmani?-
657 1242 666 1285 )
1520 1297 1575 1336 do
1626 1297 1680 1337 (le
1715 1297 1915 1348 Templis

267 1429 386 1477 (131)
425 1429 618 1480 anm‘le'sl
649 1429 897 1482 beseleliesst.
933 1443 1007 1469 (tm
1047 1429 1319 1482 Kurfree'tafs
1353 1429 1463 1469 θοίνη
1497 1427 1626 1469 debet
1656 1428 1739 1484 sajo·
1774 1426 1917 1479 Papst
1949 1428 2049 1467 um(

422 1500 588 1541 lx'aism‘
630 1502 714 1541 (len
751 1500 929 1541 Numen
970 1501 1186 1541 ‚soleamus
1219 1500 1398 1540 XXIII.
1443 1500 1543 1539 mul
1586 1497 1885 1551 Sigliswwzds
1928 1498 2048 1539 nicht

416 1584 469 1612 ευ
507 1584 700 1612 nemnem.
770 1574 882 1612 1416
915 1572 1053 1624 April
1088 1575 1152 1613 10.

395 1654 571 1693 l'etwdsu.
601 1653 883 1687 Stantsnwlee'v.
913 1653 1197 1687 Deliberazmm'
1223 1657 1245 1686 1)·
1270 1654 1297 1696 f.
1326 1655 1380 1687 95.

387 1729 514 1773 (¹um,
551 1728 668 1768 sicut
704 1731 866 1768 notum
903 1731 989 1771 est.
1031 1729 1072 1768 in
1109 1729 1179 1768 dle
1221 1728 1402 1769 veneris
1437 1731 1602 1768 sancto
1637 1727 1825 1767 solitum
1861 1726 1923 1766 sit
1956 1725 2042 1765 dici

269 1800 512 1840 oraciones
549 1812 629 1849 pro
664 1800 704 1839 d.
750 1812 865 1850 papa
903 1802 945 1847 et
996 1811 1102 1849 rege
1137 1799 1468 1840 Romanorum.
1515 1803 1559 1839 et
1607 1798 1923 1839 necessarium
1970 1797 2045 1845 sit,

268 1871 388 1920 quod
430 1870 551 1910 dicte
599 1870 843 1910 oraciones
894 1870 1108 1911 dicantur
1158 1882 1237 1920 per
1286 1870 1408 1910 illum
1461 1870 1661 1914 modum,
1709 1869 1781 1919 qui
1832 1869 1890 1908 sit
1942 1880 2043 1908 cum

266 1942 593 1981 reservat-ione
629 1941 817 1982 honoris
852 1942 1002 1981 nostri
1033 1941 1233 1983 dominii,
1272 1941 1395 1981 vadit
1423 1952 1546 1991 pars,
1575 1940 1695 1991 quod
1722 1940 2047 1980 committatur

266 2017 308 2051 et
363 2012 544 2052 dicatur
598 2012 852 2052 reverendo
908 2012 1026 2062 patri
1083 2013 1122 2051 d.
1173 2012 1391 2062 episcopo
1443 2011 1709 2052 (¹astellano
1759 2014 1806 2051 et
1859 2011 2044 2051 domino

269 2083 526 2133 prunicerio
562 2095 596 2122 s.
633 2083 773 2123 Marci
808 2085 855 2122 et
889 2083 1073 2122 domino
1111 2083 1343 2133 patriarce
1377 2081 1616 2133 Gradensi,
1650 2082 1771 2132 quod
1805 2082 1964 2122 (licant
1997 2084 2041 2122 et

266 2154 351 2193 «liei
388 2153 556 2193 saciant
597 2154 638 2192 in
676 2153 745 2192 die
782 2153 962 2193 veneris
998 2165 1032 2193 s.
1060 2154 1303 2193 oraciones
1330 2165 1409 2203 pro
1434 2154 1473 2192 d.
1498 2165 1618 2203 papa
1642 2153 1685 2192 in
1710 2153 1828 2193 hunc
1854 2153 2038 2194 modum

264 2237 354 2265 non
402 2225 684 2265 nominando
732 2236 899 2264 nomen
946 2237 1076 2275 pape,
1122 2224 1359 2265 videlicet:
1408 2223 1604 2265 Oremus
1644 2236 1726 2274 pro
1767 2223 2041 2264 beatissimo

268 2308 384 2346 papa
408 2298 586 2336 nostro.
624 2299 669 2335 ut
697 2295 820 2335 Deus
847 2296 1156 2346 oninipsnenS,
1190 2298 1237 2336 et
1265 2297 1522 2346 sequantur
1546 2295 1797 2335 secundum
1830 2297 2038 2335 tenorem

265 2367 498 2407 oracionis
547 2366 764 2416 predicte.
843 2366 896 2406 Et
945 2367 1009 2407 ita
1063 2366 1298 2407 scribatur
1342 2366 1603 2407 rectoribus
1650 2366 1827 2406 nostris
1874 2365 2042 2409 Padue.

269 2438 460 2478 Vel-one.
511 2437 755 2477 Vim-encie
801 2441 844 2477 et
894 2437 1090 2478 Tarvisii
1135 2441 1178 2477 et
1229 2438 1422 2479 aliarum
1464 2441 1693 2478 terrarum
1743 2439 1786 2476 et
1838 2436 2038 2476 locorum

264 2512 550 2558 nostrorunu
585 2513 632 2549 et
655 2509 717 2549 ita
756 2508 928 2549 saciant
967 2520 1046 2559 per
1069 2509 1315 2559 episcopos
1344 2512 1386 2549 et
1425 2509 1540 2549 alios
1567 2508 1760 2548 clericos
1786 2507 2039 2547 observari.

760 2591 824 2631 De
860 2594 992 2641 parte
1020 2591 1077 2631 46
1109 2613 1165 2618 —
1200 2591 1254 2632 de
1287 2602 1379 2632 non
1410 2590 1462 2631 12
1496 2613 1551 2617 —
1585 2602 1676 2631 non
1711 2589 1878 2629 sinceri
1913 2588 1980 2629 22.

1060 2662 1122 2702 Eo
1157 2662 1241 2703 die.

384 2734 466 2771 Ser
502 2733 732 2773 Antonius
769 2734 1043 2774 Fontareni:
1074 2733 1206 2784 Quod
1231 2733 1507 2774 comittatur
1530 2731 1879 2783 suprascriptis,
1904 2730 2038 2781 quod

265 2804 449 2854 quando
484 2804 635 2844 dicent
664 2805 908 2844 oraciones
944 2817 1025 2855 pro
1061 2815 1167 2854 rege
1191 2803 1522 2851 Romanorum,
1556 2815 1647 2843 non
1672 2802 1868 2842 debeant
1893 2801 2038 2842 nomi-

263 2886 375 2915 nare
409 2886 576 2915 nomen
613 2875 733 2924 regis
769 2875 1063 2925 Sigismundi,
1098 2875 1179 2915 sed
1213 2875 1391 2915 dicant:
1428 2872 1624 2915 Oremus
1659 2876 1703 2913 et
1739 2884 1820 2923 pro
1856 2872 2037 2913 christi-

382 2989 413 3017 a)
437 2988 481 3015 Hs
503 2989 637 3013 deserte
660 2989 689 3013 el
715 2988 889 3018 vlle-anter.
1368 2998 1384 3009 ·

387 3050 407 3074 ¹.
446 3049 521 3089 l'ql.
548 3060 632 3082 :nm
666 3051 820 3082 liutmun
855 3050 924 3082 ΙΜ.
952 3050 994 3082 ΙΙ
1021 3052 1073 3083 42.
1126 3050 1328 3083 Jahrmnes
1357 3050 1573 3089 Humreneti
1604 3048 1812 3080 belvrmmter
1839 3047 2035 3087 Prediqer.
