2178 3404
297 128 382 172 208

355 1597 481 1640 LXX.
544 1600 595 1641 D.
629 1599 868 1640 ‚lohannes
892 1607 1013 1649 papa
1036 1610 1146 1649 sepe

295 1673 341 1711 et
390 1672 546 1722 sepius
596 1684 650 1712 ac
705 1670 882 1721 publice
931 1670 1046 1710 dixit
1099 1672 1147 1710 et

294 1741 537 1793 professus
586 1744 673 1791 est,
728 1753 778 1781 se
826 1741 942 1782 velle
991 1741 1146 1781 omnia

293 1812 448 1853 facere
503 1814 767 1863 opportuna
831 1823 913 1862 pro
978 1812 1146 1852 unione

292 1884 486 1924 ecclesie
521 1886 684 1924 sancte
708 1883 804 1931 Dei,
828 1883 975 1923 eciam
999 1895 1145 1933 usque

293 1954 351 1994 ad
384 1956 584 1994 mortem
619 1954 843 1995 inclusive
866 1965 951 1994 nec
975 1954 1017 1993 in
1044 1965 1143 2004 pre-

292 2025 430 2065 dictis
465 2037 491 2065 a
524 2025 769 2065 voluntate
803 2024 938 2064 huius
964 2024 1142 2064 concilii

293 2095 444 2145 aliquo
478 2096 616 2135 modo
652 2095 889 2135 discedere
925 2128 932 2135 .
970 2127 977 2135 .
1016 2127 1023 2135 .

671 138 696 172 I.
723 137 943 172 Abschnitt.
994 136 1151 171 johann
1179 135 1317 170 XXIII.
1344 135 1422 170 und
1450 136 1520 171 das
1548 136 1697 171 Konzil.

1221 247 1488 296 respondit:
1544 246 1705 288 Credo.
1763 247 1890 289 Tunc
1951 260 2072 299 papa

1221 317 1361 357 dixit:
1396 316 1525 357 Vade
1560 320 1623 363 tu,
1658 329 1708 358 es
1751 318 1864 358 bene
1911 318 2071 359 fatuus

1220 387 1306 428 hoc
1369 388 1609 428 credendo.
1705 387 1961 429 Credebam
2026 392 2072 430 te

1222 458 1480 508 sapientem
1528 459 1691 499 virum.
1772 458 1839 499 Tu
1885 471 1935 499 es
1981 471 2073 500 una

1220 529 1385 569 bestia.
1450 529 1508 569 Et
1542 530 1683 581 addit,
1719 530 1839 580 quod
1874 530 1977 570 olim
2015 530 2071 570 ab

1219 600 1381 640 eodem
1402 612 1522 650 papa
1540 600 1812 650 exploratus
1831 603 1905 641 est
1920 601 2071 651 ipsum

1221 671 1443 721 originem
1497 671 1703 711 traxisse
1758 671 1814 711 ab
1862 683 1950 711 avo
2000 671 2072 711 vel

1221 742 1387 793 abavo,
1423 742 1497 792 qui
1544 741 1632 782 fuit
1678 754 1973 783 sarracenus.
2019 742 2071 783 D.

1220 812 1271 852 H.
1295 813 1489 863 Dwerg:
1526 813 1661 863 quod,
1692 816 1743 853 ut
1767 826 1823 854 ex
1855 813 2072 864 operibus

1219 884 1319 924 eius
1354 884 1505 934 colligi
1540 886 1711 935 potest,
1755 885 1874 925 satis
1921 896 1971 925 se
2018 885 2072 925 de

1219 955 1306 995 fide
1331 955 1562 996 catholica
1587 958 1858 1006 suspectum
1875 955 2073 996 reddidit

1219 1028 1262 1066 et
1306 1026 1363 1066 ad
1410 1027 1545 1066 aliam
1596 1029 1702 1077 post
1758 1027 1876 1067 hanc
1925 1027 2071 1067 vitam

1219 1110 1269 1138 se
1303 1098 1489 1137 minime
1523 1098 1813 1148 disponebat.
1845 1098 2072 1148 Quinque-

1219 1169 1516 1209 ecclesiensis
1575 1169 1682 1209 dicit
1731 1181 1780 1209 se
1837 1169 2073 1209 audivisse

1221 1241 1405 1291 pluries,
1440 1241 1561 1291 quod
1595 1252 1716 1291 papa
1745 1252 1835 1281 non
1863 1240 2073 1280 crederet

1222 1312 1365 1351 vitam
1402 1314 1510 1361 post
1542 1311 1662 1351 hanc
1704 1322 1788 1352 nec
1838 1321 2072 1351 resurrec-

1220 1383 1393 1422 tionem
1439 1384 1759 1431 mortuorum,
1806 1393 1914 1432 ymo
1961 1381 2070 1422 dicit

1220 1465 1270 1493 se
1310 1453 1411 1503 plus
1459 1453 1708 1504 audivisse,
1756 1452 1877 1503 quod
1921 1452 2073 1492 nullus

1220 1525 1556 1575 Neapolitanus
1589 1524 1676 1565 hoc
1711 1524 1870 1565 credit.

1280 1591 1504 1647 LXVIII.¹)
1561 1594 1809 1635 Corrector
1858 1595 1969 1635 dicit
2023 1606 2073 1634 se

1222 1667 1459 1707 audivisse
1494 1678 1519 1706 a
1554 1678 1674 1716 papa
1714 1666 1794 1716 sic,
1844 1665 2072 1716 videlicet,

1221 1738 1343 1788 quod
1377 1737 1599 1777 monebat
1646 1748 1823 1787 omneS,
1871 1731 1954 1788 [ut]
2002 1748 2071 1776 se-

1222 1809 1363 1849 clusis
1428 1808 1777 1859 quibuscunque
1831 1806 2071 1847 favoribus

1222 1879 1279 1920 ad
1297 1879 1684 1920 reformacionem
1705 1879 1900 1919 ecclesie
1920 1880 2071 1918 atten-

1220 1950 1395 1999 derent,
1430 1951 1577 1991 eciam
1613 1952 1779 1991 contra
1814 1961 1864 1989 se
1888 1952 1935 1989 et
1959 1961 2071 1990 suos

1219 2024 1266 2061 et
1299 2024 1490 2072 propter
1528 2021 1615 2062 hoc
1660 2020 1833 2061 nullum
1878 2020 2073 2060 haberet

1218 2093 1468 2142 ingratum.
1494 2092 1635 2132 Nardi
1658 2092 1782 2143 (licit,
1808 2091 1929 2142 quod
1951 2103 2072 2141 papa

1218 2164 1261 2202 in
1282 2163 1464 2213 publica
1479 2163 1705 2213 sessione,
1721 2162 1822 2212 ipso
1841 2161 2071 2212 audiente,

1216 2234 1425 2284 predicta
1460 2233 1639 2274 monuit
1673 2234 1719 2273 et
1752 2232 1993 2272 mandavit
2025 2234 2072 2272 et

1216 2305 1399 2353 rogavit
1416 2316 1578 2345 omnes
1593 2302 1931 2353 christifideleS,
1950 2303 2071 2353 quod

1218 2376 1303 2426 ipsi
1351 2376 1602 2416 secundum
1650 2375 1862 2425 proprias
1909 2385 2066 2413 eorum

1217 2447 1536 2487 consciencias
1551 2458 1620 2497 ea,
1635 2457 1721 2497 que
1736 2446 2066 2485 concernerent

1216 2517 1386 2558 reform
1396 2518 1605 2558 acionem
1623 2517 1816 2557 ecclesie
1830 2516 2069 2556 universa-

1214 2589 1269 2628 lis
1283 2591 1327 2629 et
1346 2588 1732 2629 reformacionem
1753 2586 1956 2627 eiusdem
1971 2588 2067 2626 tam

1216 2660 1259 2700 in
1281 2661 1432 2710 capite
1465 2672 1601 2711 quam
1621 2659 1665 2698 in
1684 2657 1904 2698 membris
1930 2657 2069 2696 libere

1217 2731 1438 2783 dicerent,
1481 2731 1628 2771 eciam
1663 2730 1700 2770 si
1736 2729 2070 2770 concernerent

1218 2813 1464 2852 personam
1502 2801 1599 2842 eius
1632 2799 1880 2851 propriam.

389 2928 413 2969 ¹)
439 2928 510 2962 Die
537 2926 720 2969 'Avqabeu
742 2937 885 2969 pass-en
906 2927 955 2969 sa
981 2928 1078 2961 aretela
1107 2938 1151 2961 ἔτι
1185 2928 1271 2962 (lem
1303 2928 1622 2962 'izcbcttstehemlcn
1652 2925 1812 2960 Artikel.
1861 2924 1910 2958 In.
1943 2923 2069 2958 wirh-

291 2987 444 3021 {selah-eit
468 2988 628 3030 {salomen
659 2987 759 3019 ‹liese
786 2985 986 3028 Aussagsen
1013 2986 1103 3021 aber
1128 2997 1175 3020 zu
1210 2985 1617 3030 Inquisitioman-tfikel
1644 2986 1711 3019 Νν.
1738 2986 1793 3018 57.
1844 2983 1940 3017 Dori
1972 2982 2068 3025 folyt

290 3047 463 3080 wrortle'ch
493 3047 856 3081 eiherediis-timneend
883 3047 1058 3089 Anklagyc
1083 3048 1168 3080 wad
1195 3047 1520 3089 Zeugyemmssagye.
