2178 3404
294 146 379 186 606
648 157 708 189 Ill.
735 155 955 189 Abschnitt.
1005 155 1197 189 Benedikt
1224 156 1323 190 XIII.
1350 154 1429 189 und
1456 156 1526 191 das
1554 156 1703 191 Konzil.

293 265 539 304 veritatem
577 265 639 304 rei
673 267 806 313 geste
837 264 1096 305 debuerunt
1130 265 1290 316 scripti
1324 267 1547 307 memorie
1581 267 1921 308 commendare.
1970 268 2063 309 Hec

296 336 492 385 quidem,
537 334 808 375 beatissime
842 336 988 387 pater,
1030 336 1132 376 ideo
1167 337 1353 387 expedit
1385 337 1457 377 hic
1492 337 1679 389 referre,
1722 340 1774 378 ut
1806 339 2065 380 cardinales

291 408 338 445 et
372 405 738 446 Terraconensis
781 406 975 456 predicti
1017 407 1247 447 immunes
1282 410 1570 460 reputentur,
1618 409 1737 448 sicut
1779 409 1824 449 in
1862 410 2064 450 veritate

290 477 513 527 existunt,
560 488 584 516 a
635 477 782 527 culpa.
829 477 883 517 de
930 490 1017 528 qua
1064 478 1107 517 in
1143 480 1302 518 vestra
1350 480 1656 528 responsione
1701 482 1940 530 notantur,
1989 480 2064 520 ubi

289 547 458 586 dicitur
504 548 802 589 inhonestum
851 550 893 588 et
943 549 1252 599 periculosum
1299 562 1404 590 esse
1450 549 1718 602 absencium
1766 552 1813 590 et
1859 550 2063 591 deterius

290 619 714 660 contradicencium
771 619 841 659 vel
899 620 1224 660 resistencium
1281 621 1469 661 nomina
1523 621 1729 661 inserere
1790 622 1833 661 in
1892 622 2064 661 instru-

288 690 459 729 mentis
493 691 580 730 etc.

407 772 642 815 Finaliter.
656 773 929 814 beatissime
943 776 1090 824 pater,
1104 774 1458 824 monicionibus,
1472 774 1898 826 exhortacionibus,
1915 775 2063 826 requi—

288 843 554 891 sicionibus,
590 844 982 893 prohil›ic-ionibus
1010 847 1054 885 et
1085 845 1512 895 prote-stacionibus
1547 858 1628 895 per
1661 846 1854 886 eandem
1891 847 2063 886 sancti-

287 916 433 954 tatem
479 914 620 955 factis
660 915 703 954 in
746 914 929 965 prefata
976 925 1059 956 sua
1105 916 1413 966 responsione
1457 916 1768 957 cardinalibus
1812 916 2062 957 antedictis

286 986 567 1035 respondent
604 986 690 1036 ipsi
726 986 963 1036 sepedicta
996 987 1263 1027 reverencia
1298 987 1455 1027 humili
1488 989 1726 1038 preeunte,
1762 987 1883 1038 quod
1908 987 2064 1028 divina

284 1057 441 1106 gracia
486 1056 720 1097 mediante
764 1057 921 1097 taliter
963 1068 1075 1107 erga
1117 1057 1279 1109 Deum,
1323 1060 1681 1098 sacrosanctam
1726 1058 1971 1098 ecclesiam
2016 1060 2063 1098 et
2120 1103 2124 1106 ,

286 1129 493 1167 vestram
538 1126 872 1167 beatitudinem
920 1139 969 1167 se
1012 1128 1263 1170 habebunt.
1308 1129 1428 1179 quod
1473 1129 1606 1179 culpa
1641 1130 1722 1169 aut
1755 1129 1939 1169 macula
1971 1141 2063 1169 non

283 1198 370 1237 erit
407 1199 474 1238 eis
510 1198 674 1238 merito
712 1198 994 1248 imputanda.
1029 1211 1121 1238 non
1157 1199 1402 1239 credentes
1437 1211 1543 1239 esse
1579 1201 1736 1239 vestre
1772 1199 2062 1250 intencionis,

283 1268 554 1309 beatissime
581 1271 726 1319 pater,
762 1269 882 1319 quod
917 1270 1002 1320 ipsi
1027 1270 1070 1309 in
1096 1272 1191 1310 tam
1229 1270 1373 1310 arduo
1405 1271 1600 1320 negocio
1630 1273 1674 1310 et
1700 1271 1743 1310 in
1770 1273 1865 1311 tam
1891 1282 2061 1321 magna

281 1340 568 1380 necessitate
593 1340 788 1379 ecclesie
814 1340 1027 1391 tacendo,
1063 1341 1321 1381 omittendo
1357 1344 1437 1382 aut
1468 1341 1583 1381 alias
1613 1341 1819 1381 incidant
1840 1342 1885 1381 in
1909 1341 2060 1382 divine

281 1411 547 1451 maiestatis
590 1410 833 1451 offensam.
899 1412 1207 1463 Quapropter,
1250 1412 1523 1452 beatissime
1567 1415 1713 1463 pater,
1759 1412 1869 1452 dicti
1910 1412 2056 1453 cardi-

280 1482 410 1521 nales
446 1494 548 1521 cum
596 1481 779 1532 prefata
824 1483 1091 1539 reverencia
1135 1483 1291 1523 humili
1328 1485 1631 1534 perseverant
1666 1484 1710 1523 in
1754 1482 1968 1524 omnibus
2011 1484 2059 1523 et

281 1552 489 1603 singulis,
524 1564 609 1603 que
644 1553 687 1592 in
724 1564 808 1592 sua
844 1553 1080 1603 sepedicta
1113 1554 1271 1594 cedula
1309 1555 1620 1605 continentur,
1655 1554 1847 1594 eandem
1885 1554 2056 1594 sancti-

281 1624 427 1663 tatem
465 1623 783 1674 supplicantes
819 1636 871 1663 ac
908 1625 1196 1675 requirentes
1230 1625 1477 1676 humiliter,
1518 1626 1749 1676 quatenus
1784 1623 2085 1675 supplicaci-'

280 1706 408 1745 ones,
434 1695 625 1734 consilia
651 1697 695 1734 ei·
724 1695 1058 1745 requisiciones
1082 1695 1139 1735 ibi
1166 1698 1415 1737 contentas
1441 1697 1563 1736 omni
1584 1696 1821 1737 delacione
1847 1696 2056 1746 seposita

279 1765 494 1813 dignetur
536 1766 804 1805 execucioni
849 1766 1085 1807 mandare.
1151 1767 1265 1807 Nam
1311 1768 1509 1807 attentis
1546 1767 1775 1817 periculis,
1819 1766 2055 1807 erroribus

279 1838 325 1876 91
359 1836 608 1887 scandalis,
644 1848 731 1886 (1119
765 1849 819 1877 ex
856 1837 1081 1878 tarditate
1107 1849 1189 1878 seu
1224 1838 1543 1888 protractione
1579 1838 1803 1888 temporis
1828 1837 2054 1877 verisimi-

279 1908 381 1947 liter
405 1910 450 1948 et
486 1908 667 1948 notorie
703 1910 966 1960 sperantur,
1002 1909 1387 1960 supplicaciones,
1423 1909 1616 1949 consilia
1639 1911 1684 1949 et
1720 1909 2054 1959 requisiciones

276 1979 512 2028 predictas
548 1979 716 2019 diserre
752 1982 879 2020 95591
915 1980 1018 2020 illas
1052 1980 1362 2020 effectualiter
1395 1980 1638 2031 denegare.

276 2143 397 2191 (258)
433 2143 651 2185 Rvnedslst
674 2144 807 2185 XIII.
833 2145 1240 2186 01](’1101111111111151011*
1262 2146 1336 2185 (lic
1363 2145 1645 2186 Teiluehmer
1666 2145 1746 2185 des
1768 2143 2054 2185 Koustcmzer

424 2214 626 2262 Jx'onzils,
673 2217 747 2256 (110
790 2216 876 2256 den
912 2214 1084 2267 Prozess
1127 2229 1266 2268 gycgscu
1318 2217 1393 2256 11111
1441 2217 1609 2269 1111111·οη
1656 2216 1757 2256 um]
1801 2216 1874 2255 (Ile
1916 2214 2052 2255 wahl

422 2287 546 2326 eines·
594 2285 788 2338 Palm-fes
842 2285 910 2326 1101
965 2287 1120 2327 50111011
1172 2286 1399 2328 Lebzeiten
1449 2286 1736 2328 frorbereiffen.
1812 2284 2051 2326 Penas-cola

424 2359 538 2398 1417
570 2356 709 2409 April
739 2358 779 2398 8.

394 2438 502 2480 Rom,
539 2438 658 2471 l'ate'ls.
689 2437 839 2471 Archiv.
871 2438 953 2480 Hefl.
981 2438 1053 2471 328
1069 2438 1098 2480 f.
1117 2439 1149 2471 4.

391 2511 461 2550 Ad
495 2510 700 2551 futuram
737 2512 800 2550 rei
838 2508 1160 2556 memoriaml)
1195 2543 1202 2550 .
1240 2544 1246 2551 .
1284 2543 1291 2551 .
1350 2511 1823 2551 Excommunicamus
1858 2512 1902 2550 et
1938 2519 2047 2550 ana-

272 2581 635 2621 thematizamus
685 2594 848 2621 omnes
897 2584 941 2622 et
992 2582 1214 2633 singulos,
1270 2583 1584 2633 cuiuscunque
1634 2583 1806 2632 status,
1860 2580 2047 2631 gradus,

272 2652 642 2701 preheminencie
702 2664 783 2692 seu
838 2653 1123 2693 condicionis
1181 2653 1404 2704 existant,
1462 2653 1653 2693 eciamsi
1715 2651 2046 2701 cardinalatus,

271 2722 571 2772 patriarchali
616 2755 624 2763 .
670 2755 678 2763 .
724 2755 731 2763 .
782 2723 1074 2774 prefulgeant
1124 2724 1365 2775 dignitate,
1414 2725 1459 2764 et
1510 2724 1613 2764 illos
1662 2722 1877 2773 precipue
1926 2720 2045 2772 apud

272 2790 604 2834 Constanciam
641 2796 972 2845 congregatos,
1007 2806 1202 2844 quorum
1237 2794 1537 2845 auctoritate,
1577 2793 1913 2844 cooperacione
1949 2823 1956 2831 .
1992 2823 2000 2832 .
2036 2822 2043 2830 .

271 2864 543 2914 contempta
587 2875 830 2904 sacrorum
874 2876 1105 2905 canonum
1148 2864 1390 2915 disciplina
1435 2896 1442 2904 .
1487 2896 1494 2904 .
1530 2897 1538 2905 .
1583 2865 1747 2904 contra
1789 2875 1890 2914 nos,
1935 2874 2043 2914 ymo

390 3001 414 3045 ¹)
442 3002 494 3035 Es
529 3002 683 3045 bellium}
710 3003 772 3037 (lie
799 3003 1201 3038 Eoekommamikation
1231 3003 1300 3037 der
1333 3002 1545 3037 rihm'schen
1575 3001 1802 3045 Papstreihe
1826 3002 1913 3035 med
1941 3001 2043 3034 ihrer

269 3060 492 3103 11111111111101·ι
523 3062 632 3095 dame
662 3061 760 3095 aller
789 3073 856 3095 ron
889 3063 966 3095 111111
994 3061 1278 3106 Absjefallenen.
