2178 3404
629 168 801 200 Diarium
830 166 898 199 der
923 165 1042 198 Kurie
1070 163 1239 205 Gregors
1268 162 1348 195 XII.
1793 151 1877 191 333

112 280 168 322 ad
203 291 337 330 quem
372 278 586 329 pertinet,
621 276 866 327 quominus
902 274 1109 315 condicio
1144 272 1404 323 impleatur7
1438 269 1594 310 haberi
1642 268 1777 309 debet
1825 281 1876 308 ac

111 351 148 390 si
184 349 373 400 impleta
395 348 578 389 fuisset.
606 347 756 387 (forda
780 351 936 386 autem
960 347 1117 384 vestra
1143 343 1425 393 spiritusque
1450 340 1646 389 dirigere
1666 339 1879 389 dignetur

113 419 416 471 Omnipotens
449 419 493 458 in
529 417 888 459 christianorum
931 415 1159 466 publicam
1197 413 1519 463 privatamque
1559 410 1703 450 vestri
1730 410 1879 450 cuius—

112 492 220 532 libet
256 491 451 541 gloriam
486 492 529 529 et
566 488 780 529 salutem.

113 642 232 695 (150)
261 643 353 684 Der
396 641 486 683 Ra!
536 653 614 682 ron
671 639 870 692 venedis]
915 637 1176 689 bescleliesst:
1222 636 1293 677 Da
1338 634 1459 676 Kar(
1505 633 1747 675 Malam-sta
1803 646 1879 675 von

262 713 437 755 Brioeen
483 725 572 753 aus
603 723 742 764 [seyen
788 710 873 750 (len
919 709 956 750 ii
978 709 1082 750 illem
1119 709 1267 749 seinos
1300 706 1509 747 erlers
1542 705 1760 757 Pcmclulf
1786 705 1886 745 und

262 785 413 826 seI‘wer
446 782 688 823 G'cmahlin
736 780 851 822 nach
888 779 1122 821 Konstanz
1166 779 1270 828 will,
1314 778 1396 818 soll
1442 777 1530 817 ihm
1569 777 1637 817 ein
1677 774 1783 817 Rote.
1814 788 1887 828 gye-

262 854 428 896 schiah—t
461 854 654 899 werden,
689 853 770 893 dm·
805 851 880 892 e'lm
916 864 1065 903 weycn
1092 851 1174 890 der
1199 848 1434 902 Tyrazmoe·
1456 846 1754 899 Sissisnmmls·
1785 847 1884 887 (lem

263 924 429 966 Konze'l
459 923 716 977 „qegyenitbvr
748 923 833 962 dm}
868 921 1046 963 Bes-neh
1084 920 1313 961 u·ider›·('iz‘.
1378 916 1513 958 (1415
1545 917 1648 958 Mai
1679 919 1770 961 27.)

239 1005 417 1048 Venediys.
445 1003 719 1039 *S'taatsarchiv
748 1002 1032 1036 Deliberazioni
1059 1002 1080 1035 6
1105 1001 1133 1044 f.
1161 1002 1217 1034 50.

238 1079 410 1130 Capta:
435 1100 490 1104 ——-
515 1077 627 1119 Cum
653 1076 927 1127 magnificus
952 1076 992 1116 d.
1019 1075 1220 1116 Karolus
1245 1074 1300 1114 de
1325 1073 1588 1114 Malatestis
1615 1071 1672 1112 ad
1697 1082 1889 1122 presens

121 1151 273 1191 Brixie
306 1150 513 1191 existens
548 1149 724 1189 miserit
761 1151 924 1188 nostro
961 1147 1162 1187 dominio
1198 1148 1354 1187 certas
1388 1144 1565 1194 literas,
1590 1154 1706 1194 quas
1730 1142 1889 1182 habuit

121 1224 167 1263 et
202 1221 377 1272 recepit
421 1220 476 1261 ab
522 1218 943 1261 ambassiatoribus
979 1218 1076 1258 suis
1123 1217 1178 1257 de
1217 1216 1430 1267 partibus
1474 1214 1770 1264 ConstanciQ
1814 1224 1894 1263 per

124 1303 239 1345 quas
295 1296 487 1344 apparet
544 1291 695 1332 dictos
751 1302 862 1330 suos
920 1289 1290 1330 ambassiatores
1343 1287 1382 1327 d.
1426 1285 1647 1327 Karolum
1697 1284 1891 1325 multum

122 1365 314 1415 hortari,
355 1367 403 1404 ut
454 1362 597 1403 vadat
648 1362 704 1402 ad
754 1361 995 1402 concilium
1033 1362 1076 1401 et
1124 1360 1210 1400 1100
1260 1358 1443 1398 videtur
1490 1357 1614 1403 rexa)
1660 1355 1894 1406 Hungarie

122 1436 318 1477 multum
353 1437 531 1485 optare,
566 1436 612 1473 et
648 1432 901 1473 secundum
942 1431 1325 1472 informacionem
1370 1428 1575 1469 habitam
1620 1426 1894 1478 magnificus

124 1507 163 1547 (1.
199 1505 452 1547 Pandulfus
485 1505 634 1545 frater
663 1516 775 1544 suus
811 1507 854 1543 et
892 1515 1007 1543 uxor
1043 1502 1151 1543 dicti
1186 1502 1225 1541 d.
1262 1500 1419 1541 Karoli
1445 1500 1499 1540 de
1523 1500 1609 1539 hoc
1636 1502 1742 1539 sunt
1775 1498 1896 1538 male

125 1577 333 1618 contenti
368 1579 415 1617 et
448 1575 644 1616 multum
680 1574 935 1614 desuadent
974 1573 1120 1613 eidem
1156 1573 1196 1612 d.
1232 1571 1419 1622 KarolQ
1454 1582 1509 1610 ne
1536 1570 1677 1610 vadat
1706 1569 1763 1610 ad
1788 1580 1895 1609 con-

125 1648 276 1689 cilium
302 1648 558 1699 predictum
584 1652 627 1686 et
649 1646 843 1686 multum
864 1644 1006 1685 saciat
1035 1656 1114 1694 pro
1140 1646 1305 1684 nostro
1331 1642 1547 1683 dominio.
1575 1673 1580 1680 .
1604 1673 1611 1680 .
1633 1673 1639 1680 .
1666 1642 1896 1691 quatenus

125 1718 324 1759 Karolus
358 1729 451 1759 non
484 1717 626 1758 vadat
665 1717 719 1757 ad
756 1716 1012 1757 concilium.
1051 1748 1056 1754 .
1094 1747 1100 1754 .
1138 1747 1143 1753 .
1185 1713 1311 1754 vadit
1349 1724 1473 1764 pars,
1509 1711 1631 1763 quod
1664 1711 1787 1751 mitti
1822 1711 1896 1750 de-

126 1790 232 1830 beat
270 1789 327 1830 ad
361 1789 649 1839 presenciam
687 1820 693 1826 .
731 1820 737 1827 .
775 1819 781 1825 .
818 1786 973 1827 Karoli
1009 1786 1063 1826 (le
1108 1784 1369 1825 Malatestis
1417 1796 1518 1824 cum
1568 1782 1897 1823 commissione

128 1859 428 1910 infrascripta
462 1870 580 1899 unus
614 1862 790 1899 noster.
815 1858 1028 1898 notarius
1053 1857 1152 1897 sive
1183 1856 1299 1896 alius
1326 1888 1332 1895 .
1361 1888 1367 1894 .
1395 1887 1401 1894 .
1428 1853 1777 1893 (⁷¹0mmittimus
1801 1852 1897 1902 tibi,

130 1963 137 1970 .
174 1963 181 1970 .
218 1963 226 1971 .
261 1930 383 1981 quod
426 1962 433 1970 .
471 1963 478 1970 .
515 1962 522 1969 .
558 1930 597 1969 d.
634 1929 805 1970 Karolo
849 1939 1080 1978 expones:
1129 1925 1505 1968 Fonsideramus.
1548 1958 1554 1964 .
1604 1957 1610 1963 .
1660 1956 1666 1963 .
1702 1923 1900 1975 qualiter

128 2001 510 2042 salviconductus
545 2000 657 2041 facti
693 2012 772 2050 per
805 1999 979 2040 dictum
1015 2010 1171 2049 regem
1204 1997 1391 2038 fuerunt
1425 2008 1506 2046 per
1539 2008 1642 2036 eum
1678 1995 1798 2035 male
1823 1994 1900 2035 ob-

131 2072 307 2113 servati
340 2075 387 2113 et
431 2071 878 2122 comprehendimus,
923 2082 1029 2121 ymo
1078 2072 1237 2120 aperte
1284 2068 1494 2109 videmus
1541 2066 1899 2117 disposicionem

131 2143 241 2184 dicti
276 2143 398 2194 regis
438 2142 551 2193 fore,
587 2142 707 2193 quod
751 2141 992 2181 concilium
1042 2139 1184 2181 faciat
1234 2142 1400 2180 totum.
1448 2138 1568 2189 quod
1614 2137 1760 2177 eidem
1807 2136 1901 2186 regi

132 2214 296 2265 placet,
331 2216 377 2254 et
410 2213 497 2254 1100
533 2215 726 2263 apparet
763 2224 842 2263 per
882 2224 951 2261 ea7
999 2223 1086 2262 que
1132 2211 1371 2261 hucusque
1418 2212 1582 2250 secuta
1628 2210 1751 2258 sunt,
1798 2207 1902 2257 quia

131 2285 259 2326 facta
292 2288 337 2325 et
374 2284 608 2335 praticata
640 2283 879 2334 hucusque
914 2282 1076 2323 deinde
1110 2293 1201 2322 non
1237 2280 1489 2321 secundum
1532 2280 1628 2320 iura
1666 2278 1904 2319 canonica.

132 2359 205 2396 set
259 2355 513 2396 secundum
566 2354 857 2395 voluntatem
909 2353 1022 2394 'dicti
1076 2353 1199 2403 regis
1255 2355 1599 2407 processerunt.
1681 2341 1744 2388 ‘Et
1799 2348 1903 2398 quia

134 2437 296 2467 sumus
331 2426 460 2476 certi,
507 2425 629 2476 quod
675 2424 877 2464 intencio
925 2436 1006 2464 sue
1051 2422 1400 2473 magnificencie
1436 2422 1509 2461 sit.
1551 2420 1670 2471 quod
1716 2431 1785 2470 ea,
1821 2431 1907 2469 que

133 2496 230 2537 fieri
254 2496 451 2537 debeant
476 2497 668 2547 propter
691 2506 935 2535 accessum
961 2494 1018 2534 ad
1042 2499 1202 2544 partes
1227 2492 1507 2533 Constancie
1531 2492 1641 2532 fiant
1665 2490 1905 2540 catholice,

137 2567 345 2618 dicimus,
380 2566 501 2618 quod
537 2598 543 2606 .
581 2599 587 2606 .
625 2598 631 2605 .
680 2568 892 2605 tenemus
938 2564 1145 2604 firmiter.
1192 2563 1312 2614 quod
1349 2595 1355 2602 .
1393 2595 1399 2602 .
1437 2595 1444 2602 .
1492 2562 1726 2613 oportebit
1772 2573 1905 2601 suam

139 2636 538 2688 magnificenciam
587 2637 629 2677 vi
681 2635 1054 2676 condescendere
1110 2634 1341 2675 voluntati
1393 2639 1436 2673 et
1484 2633 1736 2673 intencioni
1782 2631 1906 2681 regis

140 2707 373 2759 Hungarie
409 2740 415 2747 .
453 2740 459 2746 .
496 2740 502 2746 .
538 2706 682 2746 Nobis
720 2706 913 2746 videtur.
949 2705 1069 2756 quod
1103 2705 1226 2745 nullo
1261 2704 1398 2745 modo
1434 2704 1497 2744 ire
1532 2703 1697 2744 debeat
1735 2735 1741 2742 .
1778 2735 1784 2742 .
1822 2735 1828 2742 .

140 2870 260 2925 (151)
288 2872 511 2914 Diare‘um
543 2873 625 2913 der
656 2871 803 2913 Kurie
838 2871 1033 2924 Gresjors·
1065 2869 1172 2911 XII.
1229 2871 1342 2910 1415
1364 2868 1467 2910 Mai
1498 2870 1526 2909 8
1549 2891 1603 2895 —-
1628 2867 1809 2920 August
1839 2867 1909 2907 26.

259 2954 367 2988 Rom.
400 2953 527 2988 Vama
554 2953 707 2987 Archiv.
735 2952 965 2985 Arnmre'um
993 2952 1041 2985 34
1067 2951 1134 2984 Nr.
1161 2950 1228 2993 4f.
1257 2952 1310 2984 95.

262 3082 294 3115 a)
317 3081 364 3109 Hs
385 3089 507 3113 regem.
