2178 3404
727 155 891 190 Traktat
922 158 1027 189 eines
1058 155 1289 189 noum-hon.
1809 146 1893 189 (537

123 268 191 308 vel
217 268 363 319 quasi,
388 268 511 308 sicut
536 268 667 318 patet
690 268 732 307 in
758 267 1027 317 priwinciali
1056 266 1181 315 libro,
1217 278 1349 316 quem
1384 266 1694 306 communiter
1722 266 1887 306 habent

120 339 291 379 domini
327 338 667 389 prothonotarii
699 340 745 377 et·
779 338 1018 378 auditores
1044 337 1167 377 curie
1192 336 1412 376 Romane.
1467 336 1521 375 Et
1545 337 1634 376 isle
1659 337 1893 386 proviin-ie

122 410 273 458 sunta)
306 410 372 450 ita
405 409 680 460 inequaliter
704 409 864 458 divise,
900 408 1019 458 quod
1045 408 1145 447 sola
1171 408 1300 448 ltalia
1335 420 1435 447 cum
1463 408 1617 457 regnis
1652 410 1695 447 et
1732 408 1895 457 patriis

122 481 205 521 sibi
230 481 408 531 vicinis,
434 492 520 531 que
545 492 627 520 sue
650 479 832 520 nacioni
859 479 1193 529 attriblumtur⁷
1222 490 1308 528 que
1333 479 1466 524 simul
1495 479 1567 517 vix
1594 480 1699 518 sunt
1727 480 1895 528 quarta

122 564 230 602 pars
266 551 626 592 christianitatis
667 550 889 601 eiusdem,
932 549 1085 600 plures
1120 549 1162 588 in
1203 561 1396 588 numero
1433 551 1591 589 tenent
1629 550 1894 599 provincias

121 625 168 663 et
202 623 414 663 dioceses
449 634 584 673 quam
622 621 808 661 residua
833 632 941 671 pars
967 620 1114 660 totius
1150 619 1524 659 christianitatis.
1572 620 1685 669 Quid
1712 619 1804 671 fiet,
1840 632 1895 659 ne

120 693 322 734 intencio
362 692 486 733 beati
529 693 747 732 Hernardi
789 694 836 732 et
876 692 1069 732 aliorum
1112 690 1307 731 ecclesie
1347 691 1590 730 doctorum
1634 686 1756 741 pe1·'')
1797 703 1895 741 pre-

121 764 292 805 dictam
328 763 584 814 inequalem
627 763 898 803 divisionem
936 762 1205 811 frustretur,
1246 761 1312 801 ita
1351 761 1468 811 quod
1511 774 1565 800 ex
1600 762 1895 801 multitudine

122 835 253 886 quasi
289 834 583 875 fraudulenta
619 846 710 874 una
743 834 876 874 nacio
901 835 1121 883 papalum
1159 834 1203 872 et
1241 832 1577 872 cardinalatum
1614 832 1895 872 lwrediiario

122 905 399 957 possideat?
464 905 736 955 Resmmsm,
772 903 893 954 quod
927 904 1051 943 sicut
1085 914 1247 942 omnes
1282 903 1527 951 religiones
1563 903 1789 952 equaliter
1826 903 1893 942 vel

122 976 252 1027 quasi
289 976 548 1017 dlviserunt
572 977 721 1016 totam
758 975 1150 1015 christianitatem
1178 974 1220 1013 in
1257 974 1521 1024 provincias
1546 986 1627 1023 pro
1662 974 1758 1013 suis
1795 986 1895 1024 pro-

122 1047 395 1088 vincialibus
446 1047 650 1088 conciliis
700 1049 746 1086 et
794 1045 1090 1094 generalibus
1140 1044 1428 1085 celebrandis
1471 1046 1515 1083 et
1567 1045 1663 1084 suis
1706 1045 1896 1094 prelatis

122 1119 344 1169 eligendis
384 1120 522 1169 prout
565 1118 677 1158 ordo
720 1117 1070 1158 Predieatorum
1116 1117 1264 1156 totam
1311 1115 1702 1155 christianitatem
1740 1116 1890 1156 divisit

123 1191 165 1230 in
200 1190 282 1230 XX
316 1190 581 1240 provincias
616 1190 663 1229 et
696 1188 832 1238 aliqui
868 1188 941 1228 alii
968 1187 1153 1227 ordines
1188 1187 1231 1226 in
1266 1186 1420 1236 plures
1455 1188 1503 1225 et
1537 1186 1673 1236 aliqui
1710 1187 1751 1226 in
1789 1199 1897 1237 pau-

124 1263 274 1303 ciores
309 1262 569 1302 diviserunt
602 1260 881 1311 provincias
916 1259 982 1299 ita
1006 1269 1192 1298 sacrum
1228 1257 1443 1307 generale
1478 1257 1720 1298 conciliiun
1757 1258 1899 1306 eligat

123 1333 319 1383 aliquem
354 1326 596 1372 numerum
628 1333 882 1380 sacratum,
917 1329 1170 1369 secundum
1198 1340 1329 1378 quem
1369 1328 1521 1378 plures
1548 1328 1616 1367 vel
1654 1329 1897 1379 pauciores

125 1404 236 1444 velit
259 1403 431 1444 habere
456 1401 730 1453 cardinales7
757 1403 805 1441 et
828 1400 1080 1441 secundum
1108 1400 1247 1439 istum
1274 1410 1516 1438 numerum
1544 1399 1722 1439 dividat
1746 1402 1894 1440 totam

126 1474 518 1515 christianitatem
563 1473 606 1513 in
642 1472 921 1523 provincia&
956 1472 998 1511 in
1034 1472 1257 1522 quantum
1302 1469 1521 1519 possibile
1546 1468 1685 1509 fuerit
1708 1470 1897 1521 equales

126 1544 446 1596 coniungendo
492 1545 535 1584 in
583 1544 782 1594 quodam
827 1543 1030 1591 registro
1071 1544 1118 1582 et
1158 1539 1283 1592 hoc‘)
1325 1541 1537 1582 iaciendo
1576 1543 1650 1581 tot
1688 1541 1901 1581 dioceses

125 1617 303 1657 vicinas
337 1617 382 1657 in
414 1628 550 1657 unam
588 1615 890 1666 provinciam.
957 1615 1117 1664 ltaque
1152 1613 1354 1664 quelibet
1390 1613 1629 1664 provincia
1664 1613 1897 1652 contineat

125 1688 241 1728 duas
276 1687 427 1727 dietas
463 1687 532 1727 vel
569 1686 700 1737 quasi
736 1686 778 1725 in
804 1685 989 1735 longum
1027 1687 1073 1724 et
1108 1685 1149 1725 in
1186 1686 1330 1725 latum
1368 1686 1445 1725 aut
1473 1685 1715 1724 contineat
1748 1684 1901 1733 plures

127 1758 199 1799 vel
233 1758 479 1809 pauciores
504 1757 669 1807 dietas‚
694 1756 977 1796 nominando
1003 1756 1174 1795 dietam
1201 1758 1383 1796 tantum
1420 1755 1642 1805 spaciunn
1679 1756 1900 1804 quantum

126 1840 244 1869 unus
283 1828 421 1869 homo
462 1829 514 1868 ut
553 1827 864 1868 commui-iter
905 1826 1142 1867 ambulare
1185 1827 1329 1877 possit
1377 1826 1496 1865 infra
1536 1825 1612 1864 Xll
1650 1825 1789 1864 boras
1832 1825 1900 1864 vel

124 1898 244 1940 infra
269 1899 344 1950 Xl7
368 1899 421 1950 X,
446 1898 519 1950 lx,
546 1899 641 1939 VllI
666 1898 736 1939 vel
764 1898 911 1947 aliter,
937 1898 1055 1938 sicut
1082 1897 1246 1947 placet.
1299 1897 1366 1937 lia
1391 1899 1562 1947 lamen7
1587 1896 1707 1946 quod
1732 1907 1903 1944 magna

125 1970 350 2010 notabilia
382 1970 485 2010 loca
518 1970 707 2009 deserta
740 1981 831 2009 non
867 1970 1198 2018 computentur
1232 1968 1287 2008 ad
1323 1968 1624 2018 provinciam7
1667 1967 1775 2006 licet
1809 1967 1899 2005 sint

125 2041 167 2080 in
204 2040 456 2091 provincia.
521 2040 611 2080 Aut
650 2040 968 2090 suscipiantur
1011 2039 1265 2078 divisiones
1300 2038 1642 2089 provinciarum
1689 2037 1777 2077 iam
1825 2049 1903 2087 per

126 2111 323 2162 aliquem
368 2111 575 2151 ordinem
624 2111 816 2151 alicuius
860 2110 1094 2159 religionis
1136 2111 1295 2150 divise.
1368 2110 1420 2149 Et
1466 2109 1549 2149 hec
1592 2109 1758 2148 divisio
1798 2121 1901 2158 pro—

126 2182 381 2223 vinciarum
407 2181 535 2222 facta
570 2184 821 2223 censeatur
845 2193 925 2221 seu
960 2181 1190 2221 habeatur
1218 2182 1400 2221 tantum
1437 2181 1481 2220 in
1505 2180 1721 2220 effectum
1758 2180 1898 2218 istum

125 2254 173 2293 et
205 2264 295 2292 non
338 2252 383 2292 in
418 2252 571 2303 alium7
606 2255 658 2293 ut
691 2253 745 2292 de
779 2253 867 2292 illis
901 2252 1153 2303 provinciis
1197 2254 1244 2291 et
1280 2263 1358 2302 per
1392 2251 1494 2291 illas
1527 2250 1789 2300 provincias
1825 2250 1900 2288 eli-

125 2325 296 2373 gantur
333 2323 606 2374 cardinales,
641 2324 714 2373 qui
750 2324 945 2363 ulterius
980 2323 1154 2370 eligant
1189 2335 1369 2372 papam.
1420 2322 1648 2361 Numeros
1683 2322 1900 2360 sacratos

126 2406 260 2444 voco⁷
295 2394 460 2443 quibus
495 2406 632 2434 sacra
657 2394 891 2443 scriptura
924 2396 972 2432 et
1004 2393 1233 2433 naturalis
1269 2404 1378 2442 sepe
1408 2394 1602 2431 utuntur
1635 2403 1716 2441 pro
1752 2391 1901 2430 sacris

126 2464 349 2504 misteriis
382 2465 452 2505 vel
494 2464 786 2505 naturalibus
820 2463 957 2503 rebus
1002 2464 1184 2511 mag-nis
1218 2463 1516 2513 explicandis,
1560 2463 1682 2501 sicut
1715 2464 1789 2501 est
1824 2461 1900 2500 Xll

126 2529 299 2585 iuxta‘¹)
331 2547 570 2575 numerum
608 2534 683 2574 Xll
721 2534 1042 2584 apostolorum
1077 2535 1121 2573 et
1148 2533 1227 2573 XII
1263 2533 1592 2583 prophetarum
1629 2535 1675 2572 et
1709 2532 1785 2571 Xll
1822 2544 1900 2582 pa-

128 2605 453 2656 triarcharum,
500 2605 576 2645 Xll
626 2606 862 2655 signorum
913 2605 993 2644 celi
1042 2607 1089 2644 et
1135 2604 1210 2643 Xll
1258 2604 1484 2643 mensium
1535 2603 1654 2642 anni.
1720 2602 1777 2642 Et
1811 2603 1900 2641 iste

126 2687 347 2716 numerus
387 2676 581 2716 multum
619 2675 733 2716 bene
774 2677 1063 2725 competeret
1103 2675 1382 2725 patriarchis
1425 2686 1504 2713 seu
1533 2672 1821 2723 primatibus
1857 2673 1899 2712 111

127 2746 355 2787 ierarchia
373 2746 567 2787 ecclesie
584 2747 680 2786 Dei.
707 2747 817 2785 ltem
840 2745 997 2784 XXllll
1022 2740 1444 2791 iuxta⁴¹)numerum
1469 2744 1627 2783 XXllll
1650 2744 1899 2793 seniorum,

128 2817 183 2856 de
216 2817 381 2867 quibus
425 2817 644 2857 scribitur
686 2817 729 2856 in
764 2816 1051 2866 apocalypsi7
1085 2818 1133 2855 et
1166 2816 1327 2855 XXllll
1365 2815 1582 2855 horarum
1619 2814 1720 2853 diei.
1786 2814 1896 2852 ltem

127 2886 315 2926 XXXVI
351 2887 604 2940 secundum
640 2898 882 2926 numerum
920 2886 994 2924 Xll
1033 2886 1351 2935 apostolorum
1389 2887 1435 2924 et
1468 2884 1627 2923 XXllll
1664 2884 1896 2922 seniorum

129 2957 262 2997 simul
299 2960 607 3007 sumptorum.
657 2957 766 2996 Item
794 2956 868 2995 XL
894 2957 1025 2996 iuxta
1052 2968 1292 2995 numerum
1329 2956 1519 3001 dierum,
1545 2965 1660 3004 quas
1686 2953 1900 2992 (¹ln·istus

247 3071 278 3104 a)
307 3071 344 3097 llv
364 3070 441 3096 siut.
482 3070 513 3103 b)
537 3071 581 3096 [ir
602 3072 749 3103 propter.
788 3072 817 3102 r)
839 3069 932 3095 Ivem!
954 3070 1001 3095 lje·
1022 3072 1052 3094 ei
1078 3069 1147 3094 hoc.
1187 3069 1219 3099 d)
1240 3069 1286 3094 12⁵1·
1307 3068 1499 3093 svs-undum.
