2178 3404
746 192 939 233 Geplantc
967 192 1499 234 Vermittlungsvorscliliigv.
1854 184 1939 223 665

167 303 638 352 archiepiscoporum,
657 302 995 351 episcoporum,
1017 300 1252 350 abbatum,
1273 301 1516 341 doctorum
1538 304 1583 339 et
1603 301 1935 349 magistrorum

165 373 403 422 utriusque
448 373 574 423 iuris,
623 372 761 411 divini
808 373 853 411 et
900 370 1087 410 humani
1135 370 1327 410 aliarum
1374 370 1620 410 nacionum
1656 371 1936 421 inclitarum,

168 443 381 483 videlicet
406 442 578 493 Italice,
604 441 837 482 Gallicane
862 443 905 481 et
933 441 1141 490 Ispanice
1164 441 1209 480 in
1234 440 1526 480 multitudine
1547 441 1738 491 copiosa
1761 453 1938 482 necnon

163 513 451 554 serenissimi
475 514 523 553 et
540 511 835 553 invictissimi
861 511 1078 561 principis
1098 510 1269 550 domini
1290 510 1585 561 sigismundi,
1608 511 1938 561 Romanorum,

168 583 401 634 Hungarie
436 585 523 624 etc.
556 583 679 633 regis
713 594 796 622 nec
830 593 921 621 non
957 580 1350 621 ambassiatorum
1395 581 1589 621 aliorum
1631 582 1938 631 dominorum,

163 665 339 705 regum,
375 654 541 694 ducum
577 655 664 693 etc.
691 652 921 703 premissa
945 651 1300 691 considerantes
1326 652 1658 702 premissisque
1690 653 1938 702 scandalis,

166 726 390 775 quantum
426 736 528 765 011111
563 724 659 764 Deo
696 734 961 773 possumus,
996 721 1173 762 obviari
1209 722 1462 773 cupientes,
1505 735 1604 773 vos,
1651 722 1861 773 prefatos
1896 723 1936 762 d.

164 794 423 835 cardinales
458 796 506 834 et
538 794 655 834 alios
696 804 995 843 quoscunque
1030 792 1164 833 vobis
1198 792 1242 831 in
1272 792 1513 842 premissis
1546 793 1825 833 adherentes
1856 806 1936 844 per

164 865 346 905 viscera
379 864 696 905 misericordie
729 863 810 903 Dei
844 863 995 903 nostri
1030 862 1334 903 exhortamur
1374 865 1419 903 et
1460 875 1541 913 pro
1588 863 1708 904 bono
1755 865 1938 905 unionis

162 935 357 976 ecclesie
393 936 699 976 sacrosancte
740 946 842 975 cum
889 937 1065 984 quanta
1099 945 1350 983 possumus
1396 934 1629 975 instancia
1674 935 1937 975 nominibus

162 1005 339 1046 nostris
373 1007 421 1046 et
455 1005 650 1046 aliorum
685 1004 857 1045 Christi
897 1004 1098 1044 fidelium
1138 1004 1272 1044 nobis
1320 1004 1363 1044 in
1403 994 1489 1045 hac
1537 1007 1669 1055 parte
1715 1005 1938 1045 adheren-

164 1076 283 1116 cium
309 1078 356 1116 et
380 1075 602 1116 adherere
628 1076 888 1117 volencium
913 1065 1204 1125 requirimus,
1230 1078 1462 1125 quatenus
1488 1075 1543 1115 ab
1570 1076 1694 1116 omni
1725 1078 1937 1116 tractatu

163 1146 218 1186 de
252 1146 390 1186 modo
425 1148 473 1186 et
506 1145 659 1187 forma
692 1145 889 1187 faciendi
923 1145 1199 1185 electionem
1245 1157 1361 1195 pape
1409 1144 1551 1185 futuri
1599 1146 1818 1187 inchoato
1868 1147 1937 1187 vel

164 1216 424 1257 inchoando
471 1219 517 1257 et
564 1216 620 1257 ab
668 1217 768 1267 ipsa
814 1216 1038 1272 electione
1083 1215 1298 1257 facienda
1341 1216 1541 1257 cessetis
1587 1218 1633 1256 et
1679 1216 1938 1268 desistatis,

164 1298 402 1338 quousque
451 1287 576 1329 dicta
624 1287 905 1328 reformacio
956 1287 1151 1328 ecclesie
1202 1287 1370 1327 saltem
1420 1287 1463 1326 in
1514 1287 1665 1337 capite
1714 1290 1761 1328 et
1812 1288 1939 1328 curia

162 1358 352 1399 realiter
384 1360 430 1399 et
466 1370 570 1399 cum
603 1358 773 1399 effectu
808 1357 936 1399 facta
971 1357 1109 1398 fuerit
1144 1360 1188 1398 et
1224 1358 1327 1397 inde
1362 1358 1485 1398 aliud
1519 1370 1601 1408 per
1632 1358 1719 1399 hoc
1751 1370 1935 1399 sacrum

165 1430 408 1470 concilium
463 1441 602 1480 super
649 1429 735 1470 hoc
786 1428 925 1469 fuerit
975 1429 1253 1469 ordinatum.
1338 1428 1512 1479 Quodsi
1557 1429 1799 1479 premissis
1845 1441 1937 1469 non

165 1501 422 1541 annueritis
439 1512 543 1541 cum
562 1500 746 1551 effectu,
767 1500 888 1550 quod
907 1499 1044 1550 absit,
1064 1501 1386 1549 protestamur
1404 1511 1490 1539 nos
1510 1499 1691 1549 prefate
1717 1500 1938 1540 naciones

164 1582 363 1612 unacum
397 1571 499 1612 aliis
534 1570 731 1611 dominis
767 1569 962 1621 prefatis
1007 1572 1172 1611 contra
1206 1583 1292 1610 vos
1335 1573 1381 1610 et
1426 1570 1560 1610 vobis
1598 1571 1641 1610 in
1688 1570 1774 1611 hac
1810 1572 1942 1621 parte

166 1641 444 1682 adherentes
479 1641 534 1681 de
567 1641 781 1681 nullitate
816 1641 938 1681 dicte
973 1641 1214 1682 electionis
1255 1643 1301 1681 et
1337 1644 1574 1681 tractatus
1609 1641 1813 1681 eiusdem
1857 1653 1940 1681 nec

164 1724 256 1752 non
289 1712 344 1752 de
379 1712 650 1753 turbacione
686 1712 866 1753 unionis
900 1714 947 1752 et
981 1712 1116 1752 huius
1150 1712 1272 1752 sacri
1308 1712 1487 1752 concilii
1521 1715 1567 1752 et
1592 1712 1646 1752 de
1676 1712 1940 1753 inductione

165 1795 284 1823 nove
320 1783 560 1823 scismatis
599 1783 836 1833 ipsiusque
881 1785 927 1823 et
977 1783 1153 1833 antiqui
1198 1783 1402 1823 fautoria
1450 1787 1497 1823 et
1546 1783 1601 1823 de
1649 1783 1940 1833 procedendo

165 1856 331 1894 contra
364 1866 450 1894 vos
484 1855 532 1894 et
578 1853 710 1895 vobis
756 1854 800 1893 in
846 1854 932 1894 hac
980 1856 1112 1904 parte
1162 1853 1442 1894 adherentes
1493 1854 1577 1893 viis
1629 1856 1675 1893 et
1725 1854 1941 1893 remediis

165 1924 423 1975 oportunis,
448 1925 567 1965 sicut
595 1925 729 1965 nobis
755 1927 802 1964 et
821 1925 922 1965 aliis
949 1925 1168 1975 predictis
1193 1936 1275 1974 pro
1300 1924 1419 1965 1101111
1445 1924 1721 1964 universalis
1746 1924 1941 1964 ecclesie

167 1995 400 2035 videbitur
433 1996 662 2046 expedire.
727 1995 792 2035 De
827 1995 991 2046 quibus
1026 1996 1304 2046 nominihus,
1340 1995 1504 2046 quihus
1539 2007 1693 2045 supra,
1740 1995 1940 2045 petimus

163 2065 528 2106 instrumentum
563 2068 610 2106 et
644 2067 959 2106 instrumenta
994 2068 1079 2117 tot,
1115 2068 1229 2116 quot
1273 2066 1406 2106 nobis
1453 2066 1723 2106 necessaria
1770 2065 1939 2105 fuerint

164 2148 247 2177 5011
281 2137 429 2178 eciam
465 2139 712 2187 oportuna.

162 2300 285 2353 (270)
317 2300 536 2353 Geplmelc
588 2300 1193 2353 Vei-umnec›egssvorsclelage,
1239 2302 1313 2341 dic
1359 2302 1433 2341 ein-
1479 2302 1617 2341 leolwt·
1658 2301 1941 2341 Kardlimls-

310 2372 558 2425 (1111111119ον
590 2372 739 2412 (mecm
767 2372 946 2424 Gegstm·
977 2372 1164 2411 mittens.
1215 2373 1350 2418 (1417
1385 2372 1499 2412 nach
1524 2372 1628 2412 elnless
1667 2373 1715 2411 11
1749 2371 1816 2411 bis
1847 2372 1936 2416 22).

283 2453 411 2494 Paris,
439 2452 536 2487 Bibl.
564 2453 785 2488 Nationale.
814 2453 898 2486 Lat.
929 2454 1021 2485 1451)
1046 2452 1074 2494 f.
1102 2453 1182 2486 445.

286 2537 471 2578 Dictum
506 2540 581 2578 est
612 2539 699 2579 hoc
734 2550 840 2579 sero
876 2550 955 2588 per
988 2538 1215 2588 quendam
1252 2538 1406 2588 magni
1441 2541 1613 2587 status,
1639 2537 1938 2577 auctm·itatis

166 2612 214 2648 et
248 2608 447 2648 sciencie
481 2609 536 2649 de
571 2612 703 2659 parte
737 2609 933 2659 illorum,
969 2609 1044 2659 qui
1078 2611 1189 2648 sunt
1222 2621 1303 2659 pro
1339 2609 1500 2648 cedula
1524 2608 1813 2648 dominorum
1840 2618 1938 2647 car-

167 2678 400 2729 dinalium,
436 2679 617 2719 cuidam
654 2680 846 2720 alterius
881 2680 1043 2730 partis,
1079 2680 1199 2729 quod
1232 2680 1329 2729 ipse
1369 2682 1473 2719 erat
1505 2682 1551 2719 et
1594 2680 1669 2718 est
1709 2677 1938 2727 opinionis

168 2760 250 2798 pro
285 2749 533 2790 cedacione
567 2750 771 2790 omnium
806 2750 1199 2790 contrarietatum
1234 2752 1281 2790 et
1315 2750 1669 2799 discordiarum,
1705 2760 1791 2798 que
1830 2750 1935 2788 sunt

166 2819 210 2858 in
234 2819 320 2860 hoc
346 2820 539 2860 concilio
565 2832 705 2871 super
727 2818 859 2872 hoca)
882 2823 929 2861 et
953 2821 1381 2861 inconveniencium
1407 2823 1454 2860 et
1478 2820 1818 2869 scandalorum,
1853 2830 1938 2869 que

167 2890 331 2930 exinde
356 2891 486 2940 sequi
509 2894 717 2943 possent,
745 2892 866 2942 quod
890 2892 1009 2932 infra
1034 2891 1209 2941 scripta
1233 2894 1536 2932 servarentur
1559 2892 1606 2931 et
1630 2902 1709 2940 per
1732 2890 1937 2930 ordinem

166 2960 286 3001 infra
329 2961 569 3012 scriptum,
611 2964 657 3002 et
699 2963 955 3014 existimat,
1001 2963 1123 3013 quod
1161 2974 1270 3014 pars
1310 2962 1385 3004 illa
1429 2961 1717 3004 consentiret
1750 2960 1807 3001 ad
1840 2960 1937 3001 hec.

285 3097 316 3124 a)
338 3097 384 3127 Hs
410 3097 479 3123 hec.
