2178 3404
297 152 383 197 596
657 164 718 197 111.
745 163 964 197 Absehnitt.
1015 162 1208 196 Benedikt
1234 163 1333 196 xm.
1360 162 1439 196 und
1466 163 1536 196 das
1562 162 1712 196 Konzil.
1765 181 1772 191 ·

416 274 541 314 Unde
575 274 617 313 in
665 274 836 313 virtute
882 274 1046 313 sancte
1092 273 1358 313 obediencie
1404 273 1470 313 eis
1517 272 1744 323 prohibet,
1789 284 1845 312 ne
1892 273 2067 324 absque

296 347 396 396 ipso
431 345 500 385 vel
537 345 635 384 eius
671 344 791 383 scitu
837 344 881 382 in
925 343 1145 394 predictis
1186 343 1452 383 ordinandis
1498 343 1570 383 vel
1603 344 1940 393 prosequendis
1987 347 2067 384 aut

296 417 692 467 qualitercumque
754 414 1051 463 disponendis
1116 414 1366 464 procedere
1418 413 1490 454 vel
1555 413 1724 464 aliquid
1783 415 2067 465 attemptare

297 488 584 538 presumant,
642 486 716 524 set
768 496 849 534 per
900 485 1000 525 vias
1050 487 1097 525 et
1151 485 1358 535 praticas
1408 496 1488 535 per
1540 484 1691 534 ipsum
1747 487 1968 535 appertas
2021 487 2069 525 et

296 558 480 597 oblatas
516 556 585 596 vel
633 567 950 606 quascumque
997 556 1127 607 alias,
1173 568 1254 606 per
1297 567 1413 606 quas
1456 567 1547 595 non
1594 555 1715 595 falsa
1759 557 1806 595 et
1848 556 2066 607 violenta,

295 640 381 678 que
428 639 548 667 nunc
599 638 678 676 per
727 626 1025 667 scismaticos
1074 627 1260 676 petitur,
1309 628 1381 666 set
1432 626 1663 666 catholica
1708 628 1755 666 et
1800 638 1911 667 vera
1959 627 2066 667 unio

294 699 524 738 habeatur
564 697 606 736 111
643 697 854 747 ecclesia,
898 709 1090 747 quarum
1126 697 1297 737 nullam
1343 698 1435 737 vult
1472 697 1716 737 excludere
1760 710 1849 737 una
1892 709 2067 749 secum,

294 772 428 820 prout
480 769 596 808 alias
645 768 804 807 extitit
852 769 1203 819 concordatum,
1259 768 1433 818 absque
1487 780 1616 808 more
1670 768 1909 818 dispendio
1963 780 2067 818 pro-

294 842 562 891 sequantur.

414 921 623 962 Attentis
658 933 768 971 ergo
810 921 1032 971 predictis
1079 922 1263 966 cunctis
1308 923 1483 972 pateat,
1530 920 1651 972 quod
1700 933 1820 971 papa
1862 933 1944 971 per
1985 921 2067 961 Dei

294 994 500 1044 graciam
536 992 813 1033 catholicam
850 991 985 1031 fidem
1020 991 1215 1032 firmiter
1249 994 1414 1032 tenens
1448 994 1496 1031 et
1530 991 1801 1041 simpliciter
1825 991 2067 1042 confitens,

294 1066 345 1104 ut
379 1076 434 1104 ex
459 1063 556 1103 suis
581 1062 778 1111 actibus,
803 1062 953 1113 dictis,
978 1062 1167 1112 scriptis
1193 1074 1246 1102 ac
1272 1061 1700 1112 protestacionibus
1726 1062 1857 1111 patet
1885 1062 2067 1102 notorie

294 1136 336 1174 in
374 1134 585 1184 materia,
620 1133 674 1173 de
709 1145 797 1183 qua
831 1145 951 1173 1111116
987 1133 1155 1184 agitur,
1190 1134 1240 1173 ut
1274 1133 1531 1183 predictum
1566 1134 1653 1184 est,
1696 1145 1787 1173 non
1828 1133 2069 1173 contendit

295 1206 349 1245 de
383 1205 485 1255 hiis,
520 1216 606 1254 que
641 1203 699 1243 ad
733 1203 867 1243 fidem
902 1204 1137 1253 pertinent
1170 1216 1254 1243 nec
1290 1204 1542 1254 contendit,
1576 1205 1732 1243 utrum
1772 1203 1972 1244 unienda
2006 1204 2068 1243 sit

295 1276 506 1322 ecclesia,
540 1286 622 1325 pro
658 1274 787 1315 cuius
812 1286 923 1314 vera
958 1275 1125 1314 unione
1160 1274 1488 1325 consequenda
1521 1274 1566 1314 in
1591 1274 1714 1314 omni
1743 1276 1887 1325 statu,
1921 1275 2067 1324 speci-

295 1348 430 1388 aliter
462 1347 506 1386 111
539 1346 631 1385 isto
666 1345 768 1395 plus
792 1345 1006 1385 omnibus
1031 1346 1127 1385 suis
1151 1345 1438 1395 temporibus
1463 1345 1696 1385 laboravit
1719 1357 1803 1385 nec
1829 1345 2069 1385 contendit

295 1419 350 1458 de
373 1416 743 1465 renunciacione,
771 1428 908 1466 quam
932 1417 1099 1456 nedum
1125 1416 1379 1457 liberaliter
1402 1417 1584 1467 obtulit,
1615 1418 1688 1456 set
1712 1416 1769 1456 ad
1799 1418 2066 1466 requestam

296 1488 671 1530 adversariorum
709 1486 922 1527 omnibus
967 1487 1066 1527 aliis
1113 1487 1199 1527 viis
1246 1487 1437 1537 pretulit
1481 1489 1529 1527 et
1575 1499 1714 1537 super
1759 1498 1814 1527 ea
1860 1487 2065 1537 praticas

294 1559 548 1610 requisitus
577 1558 803 1608 apperuit,
838 1560 912 1598 set
940 1558 1089 1598 solum
1117 1558 1357 1599 contendit
1381 1558 1435 1598 de
1467 1558 1723 1598 securitate
1759 1570 1812 1598 ac
1836 1557 2068 1609 libertate,

295 1643 380 1681 que
414 1642 495 1680 pro
534 1641 643 1669 vera
676 1628 872 1669 66616516
906 1629 1074 1669 1111111116
1115 1629 1443 1679 consequenda
1485 1631 1560 1670 est
1601 1629 1884 1680 necessaria,
1930 1640 2065 1679 quam

294 1711 414 1752 papa
448 1700 641 1751 requirit
674 1701 720 1752 et
755 1700 1012 1740 adversarii
1047 1700 1294 1751 denegant.
1359 1700 1457 1740 Non
1493 1711 1605 1751 ergo
1639 1700 1907 1750 imponatur
1935 1711 2067 1751 pape,

298 1773 419 1813 sicut
453 1783 533 1822 per
568 1771 866 1811 adversarios
901 1771 958 1811 ad
992 1771 1339 1821 provocandum
1378 1771 1572 1821 populos
1607 1773 1772 1811 contra
1814 1782 1917 1810 eum
1962 1771 2068 1811 sub-

293 1843 482 1894 geritur,
517 1842 637 1893 quod
684 1853 766 1892 pro
813 1842 981 1882 unione
1026 1842 1221 1883 ecclesie
1264 1853 1355 1881 non
1399 1841 1495 1881 vult
1543 1841 1816 1882 renunciare
1862 1841 2067 1892 papatui,

293 1914 415 1964 quod
449 1915 519 1954 est
555 1913 738 1953 notorie
774 1912 959 1964 falsum,
1003 1916 1054 1953 ut
1095 1916 1290 1963 apparet
1335 1925 1389 1953 ex
1441 1913 1683 1962 premissis
1729 1914 1777 1952 et
1819 1912 1935 1963 aliis,
1980 1924 2067 1962 que

294 1996 375 2034 pro
409 1996 530 2024 nunc
565 1984 823 2033 exprimere
858 1995 1001 2024 causa
1036 1983 1285 2024 brevitatis
1321 1983 1542 2024 obmittit.

412 2067 470 2107 Et
504 2067 692 2107 tandem
729 2079 848 2116 papa
883 2067 1201 2116 considerans,
1247 2067 1368 2117 quod
1408 2067 1505 2117 ipse
1547 2066 1669 2107 inter
1708 2064 2067 2106 innumerabiles

294 2138 538 2188 angustias
573 2139 620 2177 et
642 2139 850 2177 terrores
885 2140 1040 2178 mente
1066 2138 1231 2177 anxius
1266 2140 1314 2177 et
1337 2137 1596 2177 distractus
1620 2149 1711 2177 non
1736 2136 1862 2176 valet
1886 2135 2068 2186 singula

294 2209 471 2259 scripta
494 2208 567 2248 vel
591 2208 717 2248 dicta
741 2219 840 2258 sua,
866 2207 987 2248 sicut
1006 2208 1205 2259 expedit,
1230 2208 1273 2247 in
1294 2209 1390 2247 tam
1412 2208 1558 2248 ardua
1576 2207 1777 2248 materia
1795 2206 2066 2257 ponderare,

293 2279 394 2319 ideo
429 2278 516 2318 fuit
548 2279 710 2319 ultimo
758 2279 1069 2329 protestatus,
1105 2279 1239 2329 quod,
1286 2278 1323 2318 si
1370 2278 1414 2317 111
1462 2278 1683 2328 predictis
1733 2278 1830 2318 suis
1875 2288 2066 2327 respon-

293 2349 501 2390 sionibus
535 2350 607 2389 vel
640 2349 683 2389 in
719 2350 785 2390 eis
821 2349 1055 2391 contentis
1099 2348 1269 2400 aliquid
1312 2349 1523 2388 omiserit
1565 2350 1647 2389 aut
1688 2349 1840 2390 minus
1883 2349 2066 2400 proprie

294 2421 365 2460 vel
405 2419 677 2470 imperfecte
721 2421 943 2471 posuerit,
987 2420 1059 2460 vel
1104 2431 1196 2459 non
1244 2419 1362 2460 satis
1410 2420 1532 2460 clare
1577 2418 1701 2460 forte
1747 2420 1993 2471 expressit,
2027 2419 2065 2459 si

294 2491 517 2541 avisetur,
558 2492 753 2541 paratus
793 2493 866 2531 est
904 2491 1013 2532 illud
1055 2491 1267 2541 supplere
1307 2490 1377 2531 vel
1426 2490 1671 2542 corrigere,
1712 2502 1944 2541 exponere
1983 2502 2066 2531 seu

293 2562 544 2602 declarare.
611 2561 655 2602 Si
690 2574 815 2613 vero,
857 2562 979 2613 quod
1019 2562 1157 2613 absit,
1201 2561 1370 2612 aliquid
1413 2561 1708 2612 reperiretur,
1754 2561 1875 2612 quod
1918 2561 2065 2612 prima

293 2631 412 2672 facie
445 2644 537 2672 non
572 2633 811 2683 presumit,
847 2645 873 2672 a
904 2632 992 2672 fide
1028 2631 1259 2673 catholica
1294 2631 1579 2683 discrepans,
1614 2632 1723 2671 illud
1755 2631 1926 2672 habere
1967 2631 2067 2672 vult

293 2714 375 2753 pro
408 2714 500 2742 non
535 2702 704 2753 posito,
740 2703 914 2752 scripto
948 2703 1018 2743 vel
1055 2703 1195 2754 dicto,
1240 2714 1342 2743 cum
1377 2713 1611 2753 nunquam
1654 2702 1931 2743 intencionis
1978 2701 2067 2742 suit

294 2773 416 2813 aliud
457 2773 643 2813 credere
683 2785 821 2824 quam
869 2774 990 2824 quod
1036 2774 1346 2814 sacrosancta
1393 2773 1624 2814 catholica
1669 2778 1822 2813 mater
1867 2773 2065 2813 ecclesia

294 2845 423 2884 tenet
456 2845 503 2884 et
549 2843 687 2883 docet
732 2856 843 2884 suos
888 2844 1047 2885 fideles
1096 2844 1262 2885 debere
1309 2843 1497 2884 credere
1543 2846 1591 2884 et
1633 2845 1806 2894 tenere,
1853 2845 1899 2884 et
1946 2843 2065 2884 hanc

293 2915 691 2965 protestacionem
748 2914 863 2954 dixit
923 2926 973 2955 se
1025 2915 1141 2955 velle
1198 2914 1370 2955 habere
1428 2926 1510 2964 pro
1567 2913 1697 2955 facta
1760 2916 1807 2954 et
1864 2914 2065 2964 repetita

293 2985 337 3024 in
384 2985 598 3025 omnibus
644 2986 739 3025 tam
788 2986 1100 3035 suprapositis
1147 2997 1284 3035 quam
1332 2985 1500 3025 ceteris
1545 2984 1734 3035 scriptis
1780 2986 1827 3024 et
1871 2984 2064 3034 singulis

293 3054 428 3095 dictis
463 3056 574 3095 suis.
