2178 3404
546 177 582 210 (Ὗ.
634 177 704 209 Die
732 176 1063 218 Verliandlungen
1093 186 1168 208 von
1198 174 1431 217 Perpignan.
1787 164 1873 204 467

105 286 226 333 bona
260 287 307 326 et
339 285 426 325 fide
459 297 549 326 11011
584 285 694 326 ficta
729 285 960 334 diligimus
994 288 1040 325 et
1075 285 1131 324 ad
1164 284 1401 333 honorem,
1435 282 1695 333 profectum
1731 283 1778 322 et
1810 282 1874 321 in-

105 358 393 397 crementum
432 351 577 406 ipsius
621 355 875 396 efficaciter
915 356 1178 405 aspiramus
1221 357 1269 394 et
1302 353 1534 394 laboriose
1577 352 1875 403 desudamus,

105 427 445 468 exaltacionem
479 427 622 477 ipsius
657 426 1035 466 sublimacionem
1073 426 1193 466 sacri
1219 425 1412 465 Romani
1445 424 1622 474 imperii
1657 425 1875 474 reputan-

105 501 191 539 tes.
253 498 380 539 Licet
412 497 643 537 interdum
680 497 977 536 inmissiones
1012 496 1116 535 hinc
1150 495 1253 535 inde
1288 495 1402 535 fiant
1436 506 1515 545 per
1549 495 1755 545 angelos,
1789 505 1876 534 nos

104 572 275 620 tamen,
322 569 395 619 qui
431 568 628 608 sathane
662 579 753 607 non
787 567 1056 617 ignoramus
1093 566 1315 606 astucias.
1351 559 1779 606 circumvenciones
1812 565 1876 615 ip-

106 641 216 691 sius,
250 641 294 680 in
325 641 548 691 quantum
574 638 776 679 humana
801 638 908 678 sinit
930 637 1153 687 condicio,
1187 648 1371 686 semper
1398 636 1660 676 studuimus
1685 636 1876 676 evitare.

107 711 205 751 Non
247 722 358 761 ergo
392 711 526 760 putet
568 709 746 760 aliquis,
789 709 907 759 quod
950 709 1230 758 libertatem,
1273 706 1641 748 iurisdictionem
1686 709 1877 757 11111110-

106 784 331 822 testatem
366 780 736 822 ecclesiasticam
773 791 1013 831 usurpare,
1047 779 1254 819 minuere
1278 778 1350 818 vel
1375 778 1647 828 perturbare
1683 778 1877 818 velimus

107 854 188 893 aut
223 852 517 903 aliquatenus
552 863 817 902 queramus,
853 863 954 891 cum
991 850 1236 890 credamus
1266 849 1631 889 iurisdictionem
1669 851 1716 889 et
1748 851 1877 899 pote-

107 925 280 964 statem
314 925 527 963 nostram
562 935 643 974 per
675 923 921 964 ecclesiam
966 934 1057 962 non
1091 922 1299 972 impediri
1343 924 1425 962 aut
1467 921 1612 961 eciam
1659 920 1878 961 coartari.

106 993 322 1034 Profecto
357 993 723 1035 iurisdictionem
752 994 983 1045 propriam
1023 994 1096 1034 vix
1132 992 1391 1034 sufficimus
1425 992 1624 1042 explere,
1660 1003 1740 1032 cur
1775 991 1879 1031 11110-

106 1076 212 1104 nam
248 1065 294 1104 et
329 1064 574 1114 potissime
605 1064 974 1106 ecclesiasticam
1013 1076 1239 1114 usurpare
1275 1064 1532 1104 vellemus?
1558 1095 1565 1102 .
1594 1094 1601 1102 .
1627 1094 1634 1102 .
1661 1062 1767 1102 lnde
1791 1063 1879 1111 est,

107 1135 227 1186 quod
263 1147 508 1176 commune
541 1135 675 1175 nobis
711 1136 884 1176 tedium
911 1135 1126 1176 absencie
1162 1135 1432 1185 corporalis,
1469 1166 1475 1174 .
1512 1166 1518 1174 .
1556 1166 1562 1173 .
1599 1135 1773 1184 quanto
1809 1144 1879 1172 se-

106 1207 208 1257 pius
244 1207 494 1257 potuimus,
531 1207 685 1247 conati
722 1219 884 1247 sumus
917 1206 1147 1247 hactenus
1182 1206 1390 1247 relevare
1426 1217 1505 1256 per
1539 1205 1698 1245 literas
1732 1206 1845 1244 et..
1873 1235 1879 1243 .

107 1277 257 1317 filialis
292 1277 578 1318 sinceritatis
604 1278 829 1318 solacium
854 1277 1070 1318 exhibere
1105 1309 1112 1317 .
1139 1310 1146 1318 .
1174 1310 1181 1318 .
1229 1278 1327 1317 Non
1363 1277 1484 1317 enim
1514 1276 1721 1317 ociosum
1748 1276 1881 1325 puta-

108 1348 274 1400 vimus,
310 1381 317 1389 .
354 1379 362 1388 .
398 1380 406 1389 .
440 1349 700 1389 literatorie
736 1349 1025 1390 visitacionis
1068 1349 1334 1399 frequencia
1375 1349 1429 1388 de
1471 1348 1770 1398 negociorum
1805 1358 1881 1396 ge-

108 1421 288 1459 storum
325 1419 550 1470 qualitate
584 1422 743 1460 mutue
768 1421 959 1460 visionis
995 1421 1207 1471 supplere
1232 1420 1463 1460 defectum
1490 1422 1536 1460 et
1559 1418 1682 1458 filiali
1716 1417 1880 1458 exhor-

109 1490 308 1531 tacionis
342 1490 541 1542 alloquio
574 1491 785 1532 ardorem
823 1492 864 1531 in
899 1491 1029 1532 vobis
1060 1494 1254 1542 paterne
1288 1484 1543 1532 accendere
1578 1489 1792 1530 caritatis
1827 1501 1879 1528 ac

108 1574 194 1603 vos
218 1562 273 1602 de
296 1562 397 1613 hiis,
432 1574 518 1613 que
543 1562 600 1604 ad
624 1563 823 1603 salutem
856 1565 904 1603 et
932 1563 1335 1604 honorificent-,iam
1364 1574 1607 1603 comunem
1632 1562 1880 1613 pertinent,

110 1646 390 1675 ammonere.
437 1634 666 1675 Incumbit
698 1634 907 1685 equidem
945 1634 1241 1675 sollicitudini
1275 1636 1438 1675 nostre
1468 1634 1780 1685 potissimum,
1814 1635 1879 1684 111,

111 1706 216 1747 (111111
241 1706 286 1746 111
319 1706 611 1746 relevacione
635 1705 867 1745 libertatis
892 1708 939 1745 et
968 1705 1150 1745 unionis
1184 1705 1503 1746 ecclesiastice
1528 1705 1732 1756 diligenti
1769 1717 1880 1746 cura

111 1777 421 1817 universalem
463 1776 588 1817 orbis
631 1776 857 1816 medelam
896 1776 1206 1826 prosequitur,
1248 1776 1421 1816 nullam
1464 1776 1670 1826 negligat
1702 1777 1880 1817 incuria

113 1857 271 1888 curam
296 1848 475 1898 imperii
509 1849 556 1888 et
580 1847 878 1898 peculiarium
916 1858 1164 1897 regnorum
1199 1849 1468 1887 nostrorum
1504 1859 1606 1887 cum
1642 1847 1882 1897 prudentis

113 1919 529 1969 circumspectione
554 1918 947 1959 consideracionis
971 1918 1188 1968 insinuet,
1220 1918 1375 1958 binum
1400 1920 1579 1958 statum
1604 1918 1882 1959 universalis

112 1989 336 2041 machine,
380 1989 595 2030 videlicet
637 1989 831 2030 ecclesie
874 1992 918 2029 et
962 1990 1154 2040 imperii,
1198 1989 1297 2029 sive
1334 1989 1590 2030 sacerdocii
1633 1991 1680 2029 et
1713 1989 1882 2039 regalis

111 2060 265 2100 stabili
299 2060 398 2101 fore
431 2072 552 2101 nexu
577 2060 918 2101 coniunctionis
952 2061 1147 2111 intenta,
1182 2060 1249 2100 ita
1282 2060 1404 2110 quod
1436 2060 1632 2101 ecclesie
1665 2060 1806 2101 robur
1839 2060 1882 2099 in

113 2131 317 2181 vigorem
341 2131 520 2182 imperii
554 2130 736 2182 proficit
760 2133 807 2172 et
833 2131 1009 2182 imperii
1045 2131 1292 2181 integritas
1326 2133 1400 2171 est
1432 2142 1523 2171 non
1557 2130 1748 2171 minima
1771 2130 1883 2170 rele-

112 2201 243 2242 vacio
290 2202 496 2242 ecclesie.
561 2202 619 2242 Et
664 2202 786 2242 sicut
832 2202 1030 2243 ecclesia
1074 2214 1158 2242 nec
1205 2202 1478 2252 deprimitur
1522 2214 1606 2243 nec
1652 2201 1880 2242 interdum

111 2272 304 2323 erigitur
337 2272 436 2313 sine
469 2273 677 2323 imperio,
710 2274 777 2313 ita
811 2274 909 2313 sine
937 2273 1140 2323 generali
1168 2272 1345 2323 imperii
1373 2273 1619 2313 incomodo
1647 2272 1771 2312 nulla
1804 2284 1882 2322 po-

111 2344 207 2383 test
239 2343 400 2384 eadem
425 2344 622 2385 ecclesia
656 2344 937 2384 detrimenta
971 2344 1157 2384 sentire.
1204 2344 1297 2384 Hec
1331 2344 1544 2384 nimirum
1580 2343 1681 2393 ipsa
1714 2344 1884 2383 natura

110 2425 197 2454 nos
231 2414 381 2465 docet,
416 2415 535 2465 quia,
571 2427 672 2455 cum
710 2415 918 2465 corporis
950 2415 1044 2455 vita
1079 2415 1269 2465 eiusque
1304 2415 1508 2465 parcium
1546 2414 1727 2454 sanitas
1763 2414 1882 2464 prin-

112 2484 322 2534 cipaliter
355 2497 381 2525 a
406 2485 556 2535 capite
590 2485 911 2535 contraliatiw,
947 2485 1168 2535 cuiusque
1202 2485 1417 2525 debilitas
1448 2484 1759 2525 membrorum
1787 2496 1882 2524 om-

111 2554 235 2594 nium
280 2553 420 2595 robur
461 2555 688 2606 exhaurit,
732 2556 839 2595 illud
884 2587 891 2594 .
928 2587 935 2594 .
972 2587 978 2594 .
1024 2555 1242 2595 convenit
1284 2556 1435 2595 nostri
1488 2555 1698 2596 comunis
1742 2555 1883 2595 studii

112 2624 355 2674 diligencia
401 2625 625 2666 custodiri
661 2658 668 2666 .
706 2658 712 2665 .
749 2658 755 2665 .
794 2626 1022 2666 Ponderet
1068 2626 1207 2676 igitur
1253 2626 1496 2676 dignitatis
1544 2627 1700 2666 vestre
1745 2628 1883 2675 grata

110 2695 372 2745 recognicio
407 2695 528 2736 dona
551 2696 631 2736 Dei
661 2698 708 2736 et
741 2696 892 2736 debite
926 2697 1131 2746 graciam
1168 2696 1399 2737 retribuat
1433 2697 1656 2747 largitori,
1692 2696 1766 2747 qui
1801 2708 1882 2746 pro

113 2767 210 2806 tam
243 2766 402 2807 multis
426 2765 661 2807 beneficiis
698 2767 796 2807 vult
830 2769 877 2807 et
900 2767 1084 2807 labores
1108 2768 1259 2808 nostri
1294 2767 1543 2808 voluntarii
1572 2767 1764 2818 exigunt
1797 2766 1882 2807 hoc

113 2837 277 2888 solum,
312 2839 363 2877 ut
397 2838 511 2878 recti
552 2838 702 2878 iudicii
737 2840 784 2878 et
823 2838 1044 2888 equitatis
1085 2850 1283 2878 censura
1322 2838 1529 2879 dictante
1562 2837 1750 2878 faciatis
1784 2837 1882 2888 pari

112 2918 292 2958 gressu,
327 2908 401 2958 qui
436 2920 462 2948 a
486 2907 602 2948 libra
634 2908 816 2948 iusticie
850 2910 896 2948 et
931 2909 1279 2949 consuetudinis
1311 2909 1567 2959 approbate
1589 2909 1759 2949 semita
1792 2919 1882 2948 non

113 2977 356 3029 claudicet,
391 2979 496 3029 quia
530 2979 669 3029 istud,
710 2980 761 3019 ut
795 2979 1091 3030 prediximus,
1125 2991 1211 3020 nos
1246 2981 1397 3020 totum
1442 2992 1525 3030 pro
1560 2978 1883 3019 ecclesiastica

113 3049 414 3097 prerogativa
457 3050 758 3099 exposuimus
795 3082 801 3090 .
839 3081 846 3090 .
883 3081 890 3089 .
927 3050 1175 3100 Cupientes
1208 3050 1363 3100 igitur,
1403 3053 1454 3090 111
1488 3062 1571 3099 par
1605 3050 1666 3089 sit
1699 3049 1882 3099 equitas

1588 3142 1668 3181 30*
