2178 3404
527 172 565 204 C.
616 171 686 203 Die
716 170 1042 210 Verliandlungen
1072 180 1146 203 von
1176 170 1407 213 Perpigiian.
1763 162 1849 202 497

80 293 196 332 opus
230 282 316 321 est.
363 279 562 320 Constat
585 280 704 320 enim
730 280 990 331 ecclesiam,
1024 279 1378 330 inseparabilem
1404 278 1576 319 Christi
1611 291 1848 331 sponsam,

79 352 183 402 agni
207 350 562 392 incontaminati
597 362 761 390 cruore
785 350 1089 400 redemptam,
1123 351 1316 401 trigInta
1351 352 1458 390 octo
1484 350 1617 390 annis
1651 352 1698 390 et
1732 350 1849 391 citra

78 422 257 463 exiciali
277 421 485 462 scissura
502 420 630 461 fastu
651 420 1034 461 contendencium
1055 421 1109 461 de
1129 423 1301 471 papatu
1324 453 1330 460 .
1350 452 1357 460 .
1376 453 1383 461 .
1402 420 1571 460 nedum
1593 421 1847 461 laceratam

76 493 302 544 flebiliter,
321 492 403 532 sed
421 492 465 532 in
485 492 687 532 derisum
708 492 926 543 positam,
945 503 999 531 ex
1021 503 1109 541 quo
1130 503 1244 541 pene
1264 491 1415 539 omnis
1433 492 1598 531 modus
1618 491 1732 532 bene
1752 492 1848 532 uni-

76 564 179 604 endi
196 563 449 614 despicitur
467 572 520 603 ac
540 563 691 603 tocius
711 562 1031 603 ecclesiastice
1050 574 1222 601 nervus
1241 562 1470 612 rumpitur
1485 562 1735 612 discipline.
1761 562 1847 602 Pro

77 635 206 676 cuius
225 634 542 684 extirpacione
561 633 801 673 scismatis
820 633 927 673 licet
941 633 1013 673 vie
1030 633 1183 683 plures
1204 632 1452 672 adinvente
1468 632 1652 684 fuerint,
1670 633 1847 673 concilii

77 706 255 747 scilicet
272 704 517 756 generalis,
537 704 817 744 discucionis
836 704 963 754 iuris,
983 715 1119 753 quam
1141 703 1325 754 quidam
1346 703 1577 743 iusticiam
1600 704 1847 755 appellant,

77 777 237 818 arbitri
256 777 356 817 sive
375 775 714 826 compromissi,
738 774 1083 825 convencionis,
1102 774 1388 814 reductionis
1407 774 1778 815 obedienciarum
1805 776 1846 815 in

75 860 230 899 unum,
258 850 305 888 et
329 847 405 887 via
428 846 669 895 cessionis,
694 857 780 896 que
805 846 890 896 vie,
919 856 1198 895 quamquam
1224 845 1345 885 iuste
1369 845 1476 896 sint,
1502 846 1699 895 quadam
1726 847 1847 896 equi-

76 922 176 960 tate
196 920 407 970 pensata,
424 919 471 957 et
491 916 710 967 praticari
726 916 963 967 potuerint
982 915 1269 966 temporibus
1289 918 1472 956 tantum
1494 917 1604 967 suis,
1623 919 1847 968 attamen,

9 1013 12 1016 ·
75 993 123 1031 ut
151 990 301 1031 omnis
320 988 621 1029 frustratorie
645 987 885 1027 dilacionis
911 988 1180 1037 amputetur
1203 987 1402 1027 materia
1427 999 1480 1028 ac
1504 987 1681 1028 nodose
1706 988 1847 1028 ambi-

75 1061 269 1111 guitatis
298 1059 580 1110 perplexitas
605 1071 631 1098 a
665 1058 897 1098 nonnullis
932 1057 1154 1098 affectate
1187 1057 1597 1108 inp(s›ssibilitatem
1633 1059 1847 1108 ingerens

74 1132 332 1172 extricetur
353 1130 537 1180 penitus
563 1129 618 1169 ab
644 1129 749 1169 aula
772 1131 819 1168 et
842 1127 945 1169 finis
969 1128 1105 1169 detur
1129 1129 1355 1177 scismati,
1381 1129 1455 1169 via
1480 1129 1580 1169 sola
1605 1130 1847 1181 cessionis,

74 1205 125 1243 ut
148 1201 325 1251 melior,
362 1200 545 1241 brevior
567 1202 615 1240 et
639 1200 850 1240 sanctior
873 1211 925 1240 ac
950 1199 1103 1239 unioni
1134 1200 1322 1249 propius
1350 1199 1590 1251 ‹lires-twa,
1624 1200 1777 1241 fuerat
1801 1202 1845 1240 et

75 1276 149 1314 est
171 1273 322 1313 electa
347 1284 399 1312 ac
425 1271 633 1312 admissa
655 1273 703 1311 ut
730 1271 851 1312 omni
876 1271 973 1311 iure
1002 1271 1283 1311 conveniens
1309 1283 1335 1311 a
1363 1271 1677 1311 sanctissimis
1706 1272 1847 1321 patri-

73 1345 159 1386 bus
184 1343 340 1394 sepius
364 1339 675 1393 approbatass)
720 1342 848 1383 Hanc
867 1343 989 1383 viam
1016 1342 1243 1383 cessionis
1263 1342 1414 1382 dictus
1434 1342 1480 1382 P.
1500 1342 1555 1382 de
1575 1342 1714 1389 Luna,
1739 1342 1844 1383 dum

74 1417 201 1468 prius
226 1416 544 1457 cardinalatus
569 1414 653 1455 sub
673 1447 679 1455 .
702 1447 709 1455 .
732 1447 739 1455 .
766 1414 1001 1454 s'lemente
1026 1426 1110 1454 suo
1129 1413 1461 1464 predecessore
1480 1412 1762 1463 fungebatur
1780 1413 1847 1453 os-

74 1488 192 1540 ficio,
209 1487 364 1538 sepius
382 1500 434 1527 ac
451 1486 635 1537 pluries,
652 1488 698 1526 et
716 1486 977 1536 presertim,
997 1497 1098 1525 cum
1117 1485 1370 1534 legacionis
1385 1485 1427 1524 in
1446 1484 1641 1524 Francia
1658 1496 1846 1524 munere

74 1559 331 1609 iruebatur,
354 1558 474 1598 illius
494 1557 614 1597 viam
641 1557 870 1597 cessionis
894 1558 945 1596 ut
967 1556 1112 1607 ipsius
1132 1556 1263 1606 quasi
1283 1556 1500 1595 inventor
1519 1555 1679 1605 tenuit,
1705 1555 1846 1605 publi-

75 1629 201 1670 cavit
233 1631 281 1669 et
318 1629 601 1678 publicatam
637 1627 937 1678 approbavitz,
978 1631 1021 1667 et
1059 1628 1412 1677 consequenter,
1451 1626 1575 1666 dicto
1611 1626 1846 1666 (¹lemente

74 1700 260 1740 sublato
285 1699 340 1739 de
363 1699 530 1749 medio,
566 1699 622 1738 ad
646 1699 790 1749 ipsius
815 1698 860 1737 P.
885 1698 1239 1748 instigacionem
1277 1697 1536 1738 cardinales
1559 1696 1704 1746 ipsius
1739 1696 1844 1737 obe-

73 1770 262 1820 diencie,
295 1770 417 1810 inter
450 1781 566 1820 quos
600 1769 698 1819 ipse
732 1769 777 1808 P.
813 1769 983 1809 adtunc
1017 1770 1134 1819 erat,
1170 1770 1277 1808 ante
1310 1768 1571 1818 ingressum
1609 1767 1845 1807 conclavis

71 1843 119 1880 et
152 1841 297 1881 eciam
334 1840 391 1880 ad
426 1842 594 1880 sancta
627 1839 707 1879 Dei
743 1840 1009 1890 specialiter
1042 1840 1314 1879 iuraverunt
1348 1839 1604 1888 evangelia,
1638 1838 1771 1889 quod,
1807 1838 1844 1877 si

71 1912 172 1962 quis
206 1923 365 1952 eorum
400 1911 443 1950 in
478 1912 699 1961 papatum
735 1911 910 1951 assumi
948 1911 1253 1961 contingeret,
1295 1922 1397 1951 cum
1434 1921 1515 1960 per
1551 1921 1663 1949 suos
1698 1909 1844 1949 cardi-

69 1982 200 2022 nales
225 1981 281 2022 ad
306 1981 559 2022 cedendum
584 1981 838 2032 requisitus
863 1981 1017 2032 fuerit,
1041 1993 1126 2021 suo
1152 1981 1335 2022 cederet
1363 1980 1552 2031 papatui
1577 1980 1676 2020 sine
1699 1992 1844 2031 mora,

69 2054 118 2092 et
150 2053 256 2103 quia
296 2052 468 2093 adtunc
507 2052 627 2092 idem
664 2052 708 2091 P.
743 2052 864 2092 dicte
899 2052 970 2092 vie
1011 2052 1238 2093 cessionis
1280 2051 1546 2102 predicator
1586 2051 1844 2101 videbatur,

71 2124 318 2173 sperantes
352 2122 549 2173 indubie,
583 2122 704 2172 quod
729 2134 808 2173 per
840 2123 991 2173 ipsum
1027 2123 1133 2163 unio
1160 2122 1293 2162 fieret
1316 2122 1359 2162 in
1395 2121 1608 2171 ecclesia,
1643 2122 1727 2161 sub
1763 2133 1844 2172 spe

69 2193 279 2244 predicta
316 2194 466 2243 ipsum
506 2193 551 2232 in
591 2204 751 2233 eorum
796 2205 961 2244 papam
1002 2192 1278 2234 fiducialiter
1310 2193 1564 2243 elegerunt.
1629 2192 1712 2242 Qui
1747 2193 1843 2242 qui-

70 2263 173 2304 dem
209 2264 255 2304 P.
288 2264 460 2314 pluries
494 2265 663 2313 expost
686 2264 729 2303 in
765 2276 954 2304 suorum
990 2263 1291 2304 cardinalium
1322 2262 1563 2314 presencia
1596 2274 1757 2312 pacem
1793 2274 1843 2302 se

69 2334 285 2375 daturum
311 2335 506 2375 ecclesie
528 2346 610 2383 per
632 2335 754 2375 viam
781 2335 1008 2375 cessionis
1033 2335 1254 2384 simplicis
1289 2335 1358 2374 sui
1390 2336 1590 2384 papatus
1615 2333 1842 2383 promisit,

70 2405 201 2444 vovit
234 2407 281 2444 et
313 2405 498 2455 iuravit,
542 2406 643 2446 aliis
677 2417 758 2445 seu
795 2405 883 2445 alio
919 2417 1074 2445 secum
1112 2404 1421 2445 contendente
1455 2404 1525 2443 vel
1562 2403 1841 2444 contenden-

70 2474 194 2515 tibus
229 2475 434 2525 cedente,
468 2478 654 2516 mortuo
688 2476 758 2515 vel
794 2476 958 2521 eiecto,
993 2474 1278 2525 cedentibus,
1321 2474 1520 2514 mortuis
1555 2474 1625 2514 vel
1659 2474 1840 2523 eiectis3

70 2545 156 2585 hoc
190 2545 361 2585 iterato
394 2546 437 2585 in
473 2558 556 2586 suo
592 2546 785 2586 concilio
821 2548 1040 2595 pretenso
1074 2545 1277 2594 generali
1312 2544 1571 2595 l'erpiniani
1605 2545 1840 2585 celebrato

70 2615 299 2666 promisit,
334 2616 465 2655 vovit
498 2618 545 2655 et
578 2616 746 2656 iuravit
784 2616 939 2665 reique
963 2616 1141 2666 publice
1175 2615 1534 2655 christianorum
1572 2628 1624 2655 ac
1659 2615 1839 2655 univer-

71 2685 155 2726 sali
205 2686 399 2726 ecclesie
447 2687 639 2726 eandem
693 2686 951 2726 cessionem
1004 2686 1173 2726 obtulit
1219 2688 1266 2725 et
1314 2686 1424 2726 dare
1472 2686 1705 2737 pollicitus
1751 2688 1838 2726 est.

70 2756 217 2806 Super
234 2757 321 2797 hoc
339 2757 529 2807 insuper
546 2757 715 2797 bullam
729 2753 761 2808 ²)
778 2757 916 2808 dedit,
936 2769 1073 2808 quam
1094 2757 1350 2798 Ferdinand
1359 2769 1412 2797 us
1432 2769 1511 2797 rex
1529 2756 1841 2807 Aragonum‘²)

186 2893 219 2927 a)
238 2893 287 2920 Hs
305 2893 385 2928 folyt
405 2896 452 2920 ut.

188 2952 214 2997 ¹)
240 2954 338 2988 Eine
365 2954 480 2989 Rce‘hc
510 2955 762 2997 ll'cndmzsjen
787 2955 962 2987 stimme„
992 2953 1163 2987 mirmah
1192 2955 1261 2987 mit
1287 2955 1392 2987 einer
1417 2953 1528 2988 Stelle
1546 2955 1584 2987 ¹iu
1607 2955 1688 2987 dem
1710 2954 1840 2996 Bricfe

68 3012 133 3045 des
159 3012 399 3057 Erebischofs
424 3024 493 3047 ron
528 3014 647 3047 Toni-⁸
672 3014 822 3055 (sllardt
846 3013 892 3046 II
914 3014 1003 3055 52st
1028 3013 1161 3046 Mansi
1187 3012 1364 3047 XXVIII
1387 3013 1471 3055 239)
1497 3013 1664 3047 tiberem.

186 3068 213 3105 ²²)
244 3071 389 3105 ll'clclle
418 3072 527 3106 Bane
555 3072 638 3106 hier
663 3074 826 3115 [Jemeint
855 3073 912 3108 ist.
941 3072 1022 3114 lsesst
1047 3072 1124 3105 sicle
1154 3073 1224 3105 mit
1250 3071 1460 3105 Sic-hermi!
1485 3072 1590 3105 vicht
1614 3081 1743 3114 saucii.

141 3148 162 3174 F
175 3148 184 3175 i
197 3157 217 3174 u
230 3149 250 3175 k
263 3157 299 3183 e,
319 3151 405 3177 Acta
427 3151 559 3180 concilii
582 3151 869 3177 Constanciensis.
908 3151 961 3177 Ill.
1570 3132 1625 3172 32
