2178 3404
278 154 363 193 636
585 162 644 194 IV.
674 162 891 193 Abscliuitt.
946 162 1019 193 Uer
1046 161 1472 202 Sclirit'tencycluszur
1500 162 1737 203 Papstwahl.

397 273 586 310 Sextum
630 270 732 319 quia
774 281 1007 319 nunquam
1049 269 1307 309 habuerunt
1351 271 1715 319 possessionem,
1756 283 1905 319 usum,
1940 284 2046 311 con—

277 342 568 381 suetudinem
606 343 683 380 aut
722 340 1110 389 1›rescripcionem
1146 351 1227 380 nec
1263 340 1401 379 alium
1438 340 1622 380 titulum
1658 341 1699 380 in
1735 343 1960 391 terminis,
2004 343 2047 382 in

276 412 440 462 quibus
476 423 651 460 sumus,
687 410 728 449 id
764 412 838 450 est
872 410 912 449 in
948 410 1150 459 generali
1186 410 1394 450 concilio.

396 482 651 531 Septimum
679 481 784 531 quia
819 481 861 520 111
886 480 1118 520 eleccione
1152 480 1192 519 d.
1218 479 1465 520 Alexandri
1493 482 1730 531 elegerunt
1764 484 2047 523 auctoritate

277 553 453 592 concilii
489 554 533 591 et
570 552 659 591 iste
694 551 821 591 facit,
856 551 986 590 Cuius
1022 551 1307 591 aiu-toritate
1341 550 1405 590 lit.
1454 551 1510 590 Et
1543 554 1699 591 tamen
1725 552 1782 591 1111
1816 565 1906 593 non
1943 566 2047 593 con-

275 623 521 663 currebant
566 625 633 662 tot
677 622 903 668 raciones,
944 621 1063 671 quod
1099 622 1165 661 eis
1197 623 1328 669 non‘¹)
1369 624 1656 671 competeret
1699 623 1884 672 eleccio,
1928 624 2046 664 sicut

275 694 346 733 liic
391 695 688 742 concurrunt,
735 693 914 732 scilicet
957 692 1333 742 condempnacio,
1377 692 1547 732 eleccio
1592 693 1763 743 indigni
1798 696 1845 733 et
1878 695 2048 735 notorii

275 768 413 814 atque
449 764 757 804 reuunciacio.
798 750 800 752 ¹

393 834 623 875 Octavum
670 836 743 873 est
789 834 1024 873 decretum
1075 834 1267 883 concilii,
1316 834 1357 873 in
1405 834 1535 873 cuius
1577 835 1921 876 constitucione
1963 836 2049 885 ipsi

274 908 627 947 cinisenserunt,
663 905 875 946 videlicet
919 905 1039 956 quod
1074 907 1177 944 tota
1212 904 1363 945 forma
1397 906 1658 955 eleccionis,
1699 906 1785 947 hoc
1826 908 1901 946 est
1933 907 2050 947 elec-

274 971 464 1023 cionis'')
498 976 664 1016 modus
699 978 745 1015 et
779 988 990 1026 persone,
1025 978 1183 1015 essent
1220 975 1262 1014 in
1299 988 1437 1015 manu
1475 976 1667 1016 concilii.

391 1047 570 1087 Nonum
607 1047 726 1096 quia,
769 1049 818 1087 ut,
853 1047 1033 1089 dicitur,
1079 1046 1252 1093 abusu)
1294 1050 1404 1086 sunt
1443 1042 1717 1097 eleccione⁴¹)
1760 1047 2049 1098 infringendo

273 1119 477 1158 scienter
515 1120 558 1157 et
603 1130 628 1157 a
664 1118 904 1168 proposito
947 1117 1209 1157 libertatem
1245 1117 1439 1167 eligendi
1476 1118 1713 1167 passivam
1750 1119 2049 1159 coniurando,

273 1189 394 1239 quod
437 1200 526 1228 non
569 1188 740 1238 eligant
778 1188 864 1227 nisi
907 1188 961 1227 de
1002 1188 1210 1238 collegio,
1254 1188 1375 1228 sorte
1420 1190 1674 1230 innitentes
1719 1190 1851 1230 velud
1886 1189 2049 1229 baculo

274 1259 528 1300 arundineo
564 1272 600 1299 c.
634 1271 725 1299 non
760 1259 1007 1309 oportebat
1047 1258 1226 1298 LXXIX
1262 1259 1318 1299 di.

392 1330 629 1370 Decimum
657 1342 937 1380 quamquam
973 1330 1029 1370 ad
1055 1330 1287 1380 quodlibet
1326 1331 1568 1381 collegium
1602 1332 1834 1381 pertineat
1868 1331 1922 1371 de
1952 1331 2048 1371 iure

275 1401 507 1441 communi
543 1400 627 1440 sibi
652 1401 821 1450 eligere
857 1403 993 1450 caput
1031 1403 1071 1440 et
1112 1403 1349 1450 pastorem
1387 1402 1495 1441 sede
1525 1405 1738 1448 vacante,
1772 1403 1857 1442 hoc
1895 1404 2050 1442 tamen

275 1471 430 1511 facere
464 1483 555 1511 non
592 1474 747 1521 potest
781 1471 1022 1521 collegium
1050 1471 1234 1511 dubium
1268 1474 1311 1511 et
1349 1484 1439 1512 non
1464 1476 1724 1523 acceptum,
1759 1473 1840 1513 sed
1875 1473 1940 1512 ita
1963 1477 2051 1523 est,

274 1542 394 1593 quod
437 1542 696 1582 cardinales
737 1554 825 1581 non
870 1541 1045 1582 faciunt
1089 1542 1330 1592 collegium
1375 1543 1685 1583 indubitatum
1728 1543 1848 1594 apud
1888 1555 2050 1583 omnes

274 1613 571 1663 christianos,
607 1624 717 1662 ergo
753 1614 799 1652 et
834 1614 1005 1652 cetera.

393 1683 690 1724 Undecimum
727 1684 834 1733 quia
866 1683 989 1723 nullo
1025 1684 1121 1723 iure
1156 1686 1345 1723 cautum
1382 1685 1626 1735 reperitur,
1661 1685 1781 1735 quod
1807 1685 2049 1735 collegium

276 1756 315 1794 d.
341 1754 643 1795 cardinalium
669 1754 813 1794 eciam
840 1754 1150 1794 indubitatum
1186 1755 1337 1804 possit
1361 1768 1527 1805 papam
1554 1756 1593 1795 in
1622 1767 1913 1806 quocumque
1937 1768 2048 1796 casu

276 1839 302 1866 a
337 1829 509 1876 papatu
535 1826 780 1875 deponere,
815 1825 896 1865 sed
919 1825 1006 1865 hoc
1041 1825 1190 1865 solum
1225 1828 1380 1875 potest
1407 1826 1604 1867 ecclesia
1639 1827 1916 1866 universalis
1941 1838 2047 1867 con-

274 1900 484 1947 gregata.
536 1896 676 1946 igitur
709 1908 793 1936 nec
830 1898 938 1946 post
972 1896 1110 1936 talem
1139 1896 1476 1946 depositionem
1512 1900 1670 1947 potest
1704 1897 1877 1938 dictum
1914 1897 2047 1938 colle-

274 1968 398 2017 gium
435 1967 533 2007 sine
568 1969 671 2007 tota
706 1967 903 2007 ecclesia
939 1967 1118 2014 alium‘⁴)
1152 1979 1318 2017 papam
1355 1980 1529 2008 creare.

389 2038 487 2078 Non
503 2033 529 2086 ¹')
570 2038 784 2078 videntur
824 2037 1013 2077 obstare
1056 2038 1153 2078 iura
1195 2038 1237 2077 in
1271 2038 1481 2078 favorem
1523 2039 1564 2079 d.
1600 2039 1900 2079 cardinalium
1942 2051 2047 2079 con-

275 2109 465 2159 scripta.
503 2109 609 2158 quia
643 2109 906 2158 loquuntur,
941 2109 1015 2148 ubi
1051 2109 1187 2148 sedes
1222 2111 1363 2149 vacat
1398 2122 1477 2159 per
1510 2112 1706 2149 mortem
1743 2121 1859 2160 pape
1893 2112 1936 2149 et
1975 2109 2047 2149 ubi

276 2179 516 2229 collegium
562 2182 637 2219 est
680 2179 989 2220 indubitatum
1036 2182 1083 2219 et
1127 2180 1199 2219 ubi
1244 2180 1441 2220 ecclesia
1484 2192 1575 2220 non
1616 2183 1689 2220 est
1733 2192 1925 2230 presens
1970 2192 2049 2230 per

275 2250 460 2290 modum
485 2250 716 2300 generalis
742 2251 935 2301 concilii,
960 2251 1038 2291 sed
1068 2252 1108 2291 in
1135 2263 1246 2291 casu
1272 2251 1476 2301 presenti
1503 2251 1739 2291 contraria
1762 2254 1833 2291 est
1856 2252 2046 2291 veritas.

277 2321 467 2372 Equitas
502 2324 658 2362 tamen
692 2324 735 2361 et
774 2322 1093 2362 misericordia
1118 2322 1198 2361 Dei
1233 2323 1279 2362 et,
1313 2322 1507 2362 ecclesie
1544 2334 1682 2372 super
1716 2322 1870 2362 onmia
1905 2334 2046 2372 opera

273 2393 386 2432 eius.
455 2392 572 2443 Ergo
607 2393 694 2432 illis
734 2405 825 2433 non
861 2392 1161 2433 obstantibus
1196 2405 1358 2433 omnes
1393 2393 1669 2441 cardinales,
1694 2394 1766 2443 qui
1802 2393 2045 2433 reformari

275 2463 448 2514 volunt,
474 2464 786 2504 admittantur
804 2476 907 2504 cum
932 2464 1081 2514 equali
1101 2476 1294 2504 numero
1320 2464 1374 2504 de
1398 2464 1603 2514 qualibet
1620 2464 1861 2514 provincia
1879 2464 2045 2514 eligen-

274 2534 435 2573 dorum
479 2534 535 2574 ad
571 2534 888 2575 cardinalatus
931 2536 1108 2574 statum
1143 2537 1189 2575 et
1225 2535 1282 2575 ad
1315 2535 1595 2575 eleccionem
1637 2547 1767 2586 pape,
1792 2534 2044 2575 secundum

273 2604 390 2654 quod
429 2604 619 2645 inferius
653 2605 798 2645 lacius
833 2605 1110 2645 declaratur.

393 2675 525 2715 (¹irca
566 2676 917 2726 p1·0sci·i1›uu¹1³-')
958 2676 1302 2716 avisamentum
1344 2676 1468 2716 beati
1504 2676 1724 2716 Hernardi
1764 2678 1811 2715 et
1851 2676 2043 2716 aliorum

272 2746 468 2785 ecclesie
503 2746 745 2787 doctorum
788 2746 983 2797 quedam
1021 2747 1157 2787 utiles
1198 2747 1468 2797 questiones
1503 2747 1746 2797 diligenter
1789 2748 1897 2786 sunt
1939 2758 2045 2786 con-

275 2817 534 2868 siderande,
570 2829 762 2868 quarum
801 2818 947 2869 prima
981 2820 1073 2858 est:
1118 2818 1229 2858 (stum
1266 2818 1501 2868 provincie
1543 2817 1917 2868 christianitatis,
1959 2828 2043 2867 que

274 2899 457 2928 summo
492 2888 696 2938 pontifici
732 2889 917 2929 obedire
948 2891 1306 2938 consueveiaint,
1342 2889 1434 2929 sint
1468 2889 1512 2929 in
1546 2900 1738 2929 numero
1773 2888 2044 2938 octuaginta

391 3024 422 3056 a)
446 3024 538 3050 thlt
562 3025 615 3050 1:12
653 3024 686 3057 b)
708 3026 754 3051 I›'r
769 3025 963 3050 electorum.
1003 3025 1031 3056 c)
1053 3025 1099 3051 Rr
1114 3024 1255 3051 adversi.
1297 3024 1329 3057 d)
1351 3024 1552 3051 eleccionen.
1591 3024 1621 3055 e)
1643 3023 1737 3051 Fehlt
1752 3024 1807 3050 ΒΓ.
1846 3023 1871 3055 s)
1895 3025 1940 3050 Ιῖν
1955 3025 2042 3049 nota.

273 3074 305 3103 μ’)
327 3071 373 3096 Br
395 3071 592 3108 predictum.
