2178 3404
134 191 174 224 E.
225 191 415 224 Benedikt
435 190 533 223 XIII.
561 200 595 222 u.
624 189 658 221 d.
683 188 818 221 Konzil
848 198 881 221 v.
910 188 943 220 d.
972 186 1224 220 Subtraktion
1252 186 1311 219 bis
1338 196 1368 219 z.
1387 186 1503 219 wahl
1531 186 1695 219 Martius
1716 186 1758 219 V.
1816 178 1898 218 601

132 299 326 351 cionem,
360 309 441 349 per
471 297 776 348 temporalem
801 298 847 336 et
880 296 1097 337 hostilem
1122 295 1499 346 persecucionem
1525 298 1569 336 et
1594 295 1899 335 reclusionem

131 371 179 410 et
226 381 307 420 per
358 368 526 409 mortis
581 367 994 408 comminacionem
1045 378 1164 416 papa
1219 366 1400 416 cogitur
1454 365 1726 417 approbare,
1781 366 1901 416 quod

130 440 317 490 petitur,
365 438 649 489 respondent
695 438 804 479 dicti
851 437 1110 478 cardinales
1159 437 1390 486 premissa
1431 437 1701 477 reverencia
1745 437 1903 477 humili

129 510 343 560 repetita,
377 509 499 559 quod
531 508 655 548 dicta
690 507 997 558 impugnacio,
1032 506 1106 546 ubi
1134 507 1289 547 valida
1322 510 1464 557 esset,
1499 508 1643 547 eciam
1680 507 1901 558 dampna-

128 581 203 620 ret
249 579 478 630 praticam
527 591 607 629 per
657 578 849 619 eandem
901 579 1205 619 sanctitatem
1252 578 1409 618 datam
1459 577 1713 628 Paniscole,
1763 590 1900 628 quam

127 651 286 690 tamen
327 651 380 690 ut
420 649 590 690 bonam
634 648 843 699 predicat
876 650 922 689 et
955 648 1178 689 deffendit
1210 659 1294 688 nec
1328 659 1419 688 non
1465 648 1615 698 ipsam
1655 648 1824 688 obtulit
1856 648 1899 688 in

127 720 433 771 responsione
478 719 608 760 facta
654 719 870 760 citacioni
917 719 1301 770 congregacionis
1349 718 1744 759 Constanciensis.
1821 719 1901 759 Set

126 802 218 831 non
265 790 479 831 volentes
543 790 654 830 dicti
708 789 956 830 cardinalis
1016 789 1291 840 protrahere
1339 788 1531 829 verbum
1585 789 1708 829 ultra
1762 801 1898 840 quam

126 861 305 911 deceat,
358 860 530 911 dicunt,
580 860 716 911 quod,
766 860 805 900 si
853 862 1015 900 vestra
1067 860 1301 900 sanctitas
1351 862 1621 909 acceptaret
1670 860 1898 910 praticam

126 932 397 972 contentam
430 931 476 971 in
510 930 672 971 cedula
705 930 957 981 sepedicta,
999 932 1137 981 prout
1180 929 1468 980 acceptanda
1510 932 1598 981 est,
1641 930 1728 970 hoc
1767 929 1899 970 fieret

123 1001 425 1053 instantibus,
459 1001 829 1051 supplicantibus
861 1003 909 1041 et
932 1001 1273 1051 requirentibus
1302 1001 1439 1041 dictis
1464 1000 1787 1041 cardinalibus.
1824 1001 1899 1051 qui

124 1072 210 1113 sub
244 1073 484 1122 potestate
518 1074 680 1112 vestra
715 1072 981 1113 consistunt
1005 1074 1053 1112 et
1087 1072 1299 1122 personis
1335 1071 1435 1112 aliis
1469 1071 1617 1112 eidem
1653 1072 1898 1112 sanctitati

124 1142 446 1184 obedientibus
481 1144 527 1183 et
561 1143 757 1193 devotis,
801 1154 885 1183 nec
924 1142 1055 1183 fieret
1089 1143 1176 1183 hoc
1211 1143 1269 1183 ad
1306 1142 1587 1183 instanciam
1624 1143 1898 1194 aliquorum,

123 1214 197 1264 qui
241 1213 410 1264 aliquid
443 1213 497 1254 de
532 1213 753 1264 predictis
788 1214 1122 1265 commiserint,
1169 1225 1273 1254 cum
1307 1225 1391 1254 nec
1425 1213 1485 1252 illi
1520 1225 1602 1263 pro
1637 1213 1761 1254 dicta
1794 1225 1897 1264 pra-

122 1285 216 1326 tica
263 1285 403 1325 ullam
451 1284 733 1325 instanciam
782 1283 973 1336 faciant,
1023 1286 1075 1325 ut
1106 1279 1300 1325 'certum
1349 1286 1422 1325 est
1468 1284 1590 1325 dicte
1636 1284 1895 1325 sanctitati.

121 1355 242 1396 Ymo
288 1355 450 1407 eciam,
499 1355 771 1396 beatissime
819 1357 967 1406 pater,
1014 1356 1183 1406 posito,
1229 1356 1351 1406 quod
1397 1356 1569 1396 dictam
1615 1355 1894 1395 instanciam

121 1425 346 1478 facerent,
387 1426 475 1467 hoc
517 1425 633 1467 bene
666 1428 741 1467 est
784 1427 1131 1478 attendendum,
1179 1426 1302 1477 quod
1336 1426 1612 1477 subtractio,
1656 1426 1896 1477 spoliacio,

122 1497 405 1549 persecucio,
438 1498 638 1538 reclusio
665 1500 712 1538 et
745 1498 912 1538 mortis
948 1498 1267 1549 comminacio,
1302 1498 1451 1548 sique
1486 1498 1579 1538 sint
1613 1509 1755 1548 supra
1790 1497 1896 1538 alle-

120 1569 244 1619 gate,
286 1579 379 1608 non
420 1568 693 1609 inducerent
734 1580 818 1609 nec
862 1569 1207 1620 compellerent,
1254 1571 1392 1619 prout
1434 1580 1518 1609 nec
1560 1568 1777 1609 inducere
1810 1580 1895 1609 nec

121 1638 396 1689 compellere
439 1639 623 1691 debent,
657 1641 868 1680 vestram
912 1640 1217 1680 sanctitatem
1263 1640 1559 1690 acquiescere
1606 1640 1781 1690 pratice
1816 1651 1896 1689 per

120 1709 380 1750 cardinales
414 1711 462 1750 et
495 1710 611 1750 alios
646 1710 1060 1760 supranominatos
1095 1712 1301 1761 apperte,
1336 1713 1409 1751 set
1443 1710 1501 1750 ad
1533 1710 1621 1751 hoc
1654 1710 1895 1751 induceret

118 1779 313 1820 eandem
347 1781 650 1822 sanctitatem
685 1782 731 1821 et
765 1781 1078 1832 compelleret,
1113 1784 1251 1831 prout
1284 1781 1500 1822 inducere
1536 1780 1891 1846 etaecompellere

118 1850 269 1902 debet,
323 1851 530 1892 debitum
582 1851 836 1902 pastoralis
891 1851 1045 1903 officii,
1101 1852 1222 1902 quod
1275 1852 1423 1902 ipsam
1479 1852 1891 1892 vehementissime

119 1921 341 1972 astringit
373 1924 421 1962 et
455 1923 580 1973 cogit
614 1923 788 1964 scisma
822 1922 987 1963 sedare
1019 1924 1066 1963 et
1099 1923 1313 1963 unionem
1350 1923 1544 1964 ecclesie
1577 1923 1701 1963 dare.
1764 1922 1892 1962 Unde

117 1991 394 2044 subtractio,
443 1993 680 2045 spoliacio,
729 1994 1013 2044 persecucio,
1062 1994 1262 2035 reclusio
1297 1996 1342 2035 et
1376 1995 1545 2036 mortis
1585 1993 1891 2034 comminacio

117 2063 399 2114 supradicte,
447 2065 500 2104 ut
543 2064 716 2105 nnllam
763 2076 954 2105 causan]
1005 2067 1276 2115 prestantes
1327 2065 1646 2116 acceptacioni
1691 2066 1738 2105 et
1787 2076 1891 2104 exe-

117 2133 296 2174 cucioni
348 2133 469 2175 dicte
517 2135 710 2186 pratice,
762 2135 912 2185 ipsam
961 2147 1053 2176 non
1102 2135 1343 2176 inficerent
1396 2148 1480 2178 nec
1527 2136 1611 2176 sibi
1660 2135 1891 2176 obsistere

116 2206 325 2254 possent.
390 2204 472 2245 Set
524 2205 630 2256 quia
678 2206 873 2247 ulterius
922 2206 1083 2247 eadem
1139 2208 1371 2248 sanctitas
1421 2208 1465 2247 in
1513 2207 1639 2247 dicta
1688 2218 1773 2246 sua
1822 2217 1890 2245 re-

116 2275 367 2324 sponsione
400 2275 445 2315 in
486 2277 669 2326 pratica
703 2276 972 2327 supradicta.
1014 2277 1213 2328 insurgit
1249 2280 1441 2328 propter
1474 2278 1723 2318 deffectum
1757 2277 1890 2316 liber-

115 2345 244 2396 tatis,
286 2357 422 2396 quem
454 2347 499 2387 in
534 2346 819 2389 Constancia
852 2359 957 2388 esse
992 2348 1238 2398 pretendit,
1281 2349 1565 2398 respondent
1599 2347 1708 2388 dicti
1743 2346 1889 2387 cardi-

114 2416 245 2457 nales
291 2428 393 2457 cum
440 2419 710 2459 reverencia
754 2418 911 2457 humili
958 2419 1210 2469 antedicta,
1261 2419 1381 2469 quod
1427 2419 1481 2459 de
1527 2419 1609 2459 tali
1657 2417 1888 2458 libertatis

115 2485 300 2527 defectu
344 2487 469 2528 nulla
512 2487 786 2529 informacio
829 2487 1039 2539 habetur,
1086 2489 1157 2529 cui
1202 2490 1370 2529 merito
1417 2490 1479 2530 sit
1525 2489 1759 2539 standum,
1804 2500 1888 2529 nec

115 2557 201 2597 soli
245 2558 499 2608 suspicioni
541 2558 640 2598 initi
683 2558 819 2599 debet
862 2559 1094 2599 sanctitas
1138 2562 1312 2600 vestra.
1378 2560 1431 2600 Et
1471 2573 1550 2610 pro
1595 2562 1738 2611 certo,
1785 2561 1888 2600 bea-

114 2627 297 2669 tissime
338 2630 488 2679 pater,
532 2629 780 2669 verisimile
822 2641 914 2669 non
948 2629 1144 2681 videtur,
1189 2631 1310 2681 quod
1352 2631 1473 2672 dicte
1517 2631 1888 2681 congregacioni,

114 2710 201 2750 que
233 2699 365 2740 iuxta
389 2699 563 2741 dictam
594 2699 823 2750 praticam
858 2701 902 2740 in
926 2712 1065 2741 unam
1089 2701 1283 2742 haberet
1314 2702 1597 2743 concordare
1623 2713 1887 2753 personam,

112 2769 158 2809 in
192 2779 281 2820 qua
324 2770 506 2821 quidem
551 2771 918 2821 congregacione
952 2773 1061 2811 sunt
1108 2772 1272 2822 prelati
1314 2773 1359 2812 in
1402 2774 1537 2813 tanta
1579 2772 1887 2823 multitudine,

111 2850 196 2881 nec
219 2851 312 2881 non
334 2842 668 2891 procuratores
702 2853 783 2881 seu
806 2842 960 2882 nuncii
984 2841 1079 2882 fere
1104 2843 1308 2883 omnium
1340 2855 1499 2893 regum
1526 2845 1607 2883 aut
1630 2844 1885 2894 principum

112 2910 259 2951 totius
303 2911 677 2962 christianitatis,
720 2913 874 2952 metus
918 2924 1000 2953 seu
1042 2913 1290 2963 impressio
1324 2914 1587 2954 inferretur.
1652 2914 1885 2966 Preterea,

112 2979 384 3022 beatissime
418 2984 564 3033 pater,
608 2983 714 3033 quia
757 2994 898 3033 super
930 2983 1055 3024 dicta
1097 2984 1314 3025 libertate
1357 2987 1439 3024 aut
1481 2985 1579 3024 eius
1623 2984 1808 3025 defectu
1841 2985 1885 3024 in

112 3050 273 3093 eadem
323 3052 514 3094 ciVitate
564 3052 919 3095 Constanciensi
968 3054 1120 3106 magis
1168 3066 1306 3107 quain
1361 3054 1465 3095 alibi
1514 3055 1677 3105 inquiri
1727 3056 1885 3105 potest
