2178 3404
590 178 681 211 Rari
710 179 922 212 Malatesta
952 188 1000 211 an
1030 177 1222 211 Benedikt
1250 178 1347 210 xm.
1769 165 1853 209 347

84 287 235 328 111111115
270 287 366 326 51115
401 298 536 337 quam
573 287 749 329 alienis,
782 286 989 337 ...quid
1024 286 1219 337 amplius
1245 287 1301 327 ad
1325 287 1464 327 divini
1499 287 1649 337 populi
1684 288 1853 328 reinte-
1895 328 1904 334 ,

82 358 346 409 gracionem
384 357 696 397 omnimodam
732 357 850 397 desit
884 357 970 396 nisi
997 357 1149 397 cessio
1184 360 1359 408 vestra,
1394 369 1484 398 non
1509 358 1756 398 intuemur.
1801 358 1851 399 Et

83 429 120 469 51
155 428 292 479 forte,
335 427 456 478 quod
490 427 626 470 absit.
660 427 828 467 iterum
863 427 1095 467 diceretur
1137 428 1238 468 illos
1282 428 1550 468 obstinatos
1594 440 1714 479 esse,
1749 429 1854 479 quia

82 499 294 539 iniuriam
328 498 372 538 in
407 498 642 538 Christum
673 498 919 538 Dominum
954 499 1001 537 et
1033 498 1155 539 beati
1181 499 1304 539 Petri
1339 511 1661 540 successorem
1696 502 1853 549 patra-

82 572 179 610 tam
216 569 423 610 confiteri
457 569 790 609 erubescentes
814 581 905 609 non
930 571 1151 609 verentur
1184 570 1350 620 impiia)
1384 569 1602 620 clavigeri
1635 571 1852 622 quinymo

81 641 278 681 clavium
318 640 556 690 largitoris
590 642 867 690 perpetuare
905 642 1239 691 contemptum,
1282 640 1405 680 haud
1438 640 1607 681 infeste
1642 641 1855 682 ferantur

80 711 222 752 verba
255 723 373 762 mea,
408 723 585 762 precor,
620 711 657 750 si
701 712 885 751 tantum
919 711 1006 751 hoc
1041 711 1301 751 obscenum>
1329 713 1417 760 est,
1462 712 1583 762 quod
1617 712 1851 752 conveniri

78 784 279 833 nequeat
314 794 417 822 cum
459 782 730 822 scismatico
765 781 942 832 absque
985 781 1139 821 divina
1174 781 1367 827 offensa,
1411 782 1499 821 nisi
1533 785 1694 822 reatus
1729 783 1852 832 peni-

81 855 179 894 teat
214 853 297 894 sui.
352 853 466 903 Quo,
502 852 725 903 supplico,
759 852 994 902 religionis
1030 852 1156 893 cultu
1191 852 1441 893 admittere
1474 853 1682 903 iurastis,
1717 865 1851 903 quem

77 926 348 975 pretensum
394 923 622 964 dicebatis
667 922 948 974 pontificem,
993 935 1086 963 non
1132 923 1292 963 addita
1339 923 1565 964 clausula:
1614 924 1649 963 si
1694 926 1851 964 tamen

77 995 203 1046 prius
236 996 481 1046 peccatum
527 993 830 1035 confiteretur
864 1006 998 1035 suum
1045 996 1127 1034 aut
1160 994 1393 1044 quomodo
1439 994 1619 1034 debetis
1654 994 1852 1040 admitti,

77 1066 115 1106 si
148 1066 326 1116 nephas
359 1065 501 1106 fuerit·
533 1077 619 1106 nos
658 1065 894 1106 nolentem
930 1064 1151 1106 confitere
1195 1065 1444 1105 admittere
1480 1097 1487 1105 .
1524 1099 1530 1105 .
1568 1098 1574 1105 .
1610 1065 1851 1106 Rursusne

77 1137 335 1177 ascendens
368 1136 560 1177 verbum
606 1136 727 1176 aliud
768 1136 813 1176 in
857 1136 995 1177 corde
1038 1138 1199 1176 vestro
1244 1136 1438 1177 ecclesie
1483 1139 1646 1177 sancte
1688 1148 1848 1187 pacem

75 1208 311 1258 impediat,
357 1207 515 1249 dicens
560 1208 646 1249 hoc
692 1219 784 1248 non
830 1219 935 1247 esse
982 1208 1241 1258 concilium,
1288 1208 1393 1258 quia
1436 1210 1599 1248 vestra
1641 1219 1732 1248 non
1778 1210 1852 1247 est

75 1281 387 1320 convocatum
435 1279 734 1319 auctoritate.
798 1279 1066 1319 Meminisse
1112 1278 1306 1329 debetis,
1353 1291 1489 1329 quam
1535 1280 1761 1329 oportune
1804 1280 1850 1318 et

74 1349 196 1390 forte
246 1349 367 1400 apud
422 1345 540 1401 [vos]
594 1350 859 1400 importune
907 1350 1082 1400 insteti,
1136 1350 1257 1400 quod
1307 1350 1549 1391 concilium
1606 1361 1851 1390 commune

75 1421 360 1461 auctoritate
413 1421 554 1461 trium
610 1417 914 1473 [pontificum]
981 1423 1326 1461 convocaretur
1378 1423 1423 1461 et
1483 1421 1852 1461 constitueretur

72 1491 118 1531 in
170 1491 272 1532 1000
327 1491 508 1543 ydoneo
574 1492 880 1542 omnibusque
934 1494 1054 1532 tuto.
1138 1492 1299 1532 Nostis
1358 1491 1535 1532 frustra
1590 1491 1711 1542 apud
1764 1502 1850 1531 vos

73 1574 147 1603 me
209 1562 453 1603 laborasse
506 1565 553 1603 et
607 1562 805 1604 aiebatis
868 1563 1066 1613 negandi
1123 1575 1315 1604 causam
1371 1575 1496 1613 esse,
1561 1574 1647 1613 que
1701 1562 1849 1602 abest.

73 1633 329 1685 Attendite,
365 1634 587 1684 supplico,
622 1634 921 1675 conciliorum
957 1634 1260 1685 cirographos
1295 1636 1343 1674 et
1385 1633 1685 1685 conspicietis
1719 1633 1849 1684 plura

72 1703 218 1745 fuisse
253 1704 447 1745 concilia
489 1705 638 1745 eciam
680 1704 964 1745 universalia
1008 1705 1106 1745 sine
1142 1717 1261 1755 papa
1305 1717 1442 1755 quam
1486 1705 1586 1754 ipso
1630 1706 1850 1755 presente

73 1775 394 1825 personaliter.
461 1776 942 1826 Convocaveruntque
976 1787 1290 1826 nonumquam
1336 1775 1409 1816 alii
1443 1787 1527 1816 nec
1561 1775 1725 1826 puduit¹
1759 1774 1848 1815 Ro-

72 1857 261 1887 manum
304 1846 570 1897 pontificem
615 1845 671 1887 ab
715 1846 804 1887 alio
849 1846 1032 1887 vocatis
1077 1847 1225 1887 sacris
1272 1847 1478 1887 conciliis
1513 1846 1847 1887 auctoritatem

73 1916 196 1957 dare.
243 1916 301 1956 Et
332 1929 389 1957 ne
423 1918 676 1968 producam
708 1929 970 1958 sermonem
1005 1918 1048 1958 in
1084 1918 1257 1958 multis:
1294 1917 1522 1969 Symacus
1556 1930 1677 1968 papa
1710 1929 1848 1958 voca-

72 1987 133 2028 tis
177 1999 204 2028 a
253 1986 537 2029 Theoderico
581 1988 793 2039 patribus
838 1989 1015 2029 concilii
1059 1989 1275 2030 iudicium
1320 1988 1495 2029 exibuit
1536 2000 1621 2029 nec
1665 1987 1851 2029 erubuit

72 2057 386 2100 Theodericus
421 2059 639 2110 Symachi
670 2054 1048 2112 auctoritatemb)
1082 2093 1089 2100 .
1127 2093 1134 2101 .
1171 2092 1178 2100 .
1214 2061 1438 2111 accipere,
1472 2060 1723 2101 dummodo
1758 2071 1847 2109 pax

72 2128 280 2171 Romane
314 2130 510 2171 ecclesie
544 2131 828 2171 redderetur.
893 2131 1007 2171 Huic
1043 2131 1191 2172 simile
1234 2131 1395 2172 diebus
1429 2131 1534 2171 istis
1582 2132 1739 2171 actum
1773 2133 1848 2171 est

71 2200 246 2251 absque
278 2201 391 2241 iuris
427 2202 632 2252 parcium
668 2202 1015 2252 disceptacione
1047 2204 1094 2243 et
1127 2215 1214 2243 vos
1247 2215 1340 2243 non
1374 2202 1529 2243 vultis.
1577 2201 1731 2252 Longe
1764 2201 1847 2242 fiat

71 2283 98 2312 a
139 2272 259 2312 tanti
303 2274 458 2313 mente
501 2273 671 2313 domini
715 2274 914 2314 duricies
957 2273 1291 2324 huiuscemodi,
1333 2273 1421 2313 nisi
1460 2275 1621 2314 vestra
1664 2274 1846 2313 vestro-

70 2353 262 2393 rumque
297 2344 504 2384 assercio
538 2343 804 2394 pontificem
837 2356 920 2385 vos
956 2343 1114 2394 faciat,
1147 2344 1327 2394 nisique
1362 2344 1657 2385 consciencia
1684 2345 1846 2384 vestra

71 2425 98 2454 a
129 2416 325 2464 peccato
350 2415 521 2455 munda
555 2415 631 2465 sit,
665 2415 741 2456 illa
772 2415 953 2466 quidem
989 2415 1103 2465 eius,
1139 2415 1212 2465 qui
1238 2415 1480 2455 dicebatur
1513 2414 1553 2455 d.
1579 2413 1845 2465 Gregorius

71 2486 321 2535 antequam
348 2485 546 2535 cederet,
576 2498 770 2526 erronea
794 2488 840 2526 et
865 2486 1052 2526 sordida
1089 2518 1096 2526 .
1133 2517 1140 2525 .
1177 2518 1184 2526 .
1220 2486 1517 2537 Mementote,
1552 2497 1690 2536 quam
1716 2496 1844 2535 mag-

70 2552 197 2606 nus‘)
230 2555 334 2595 51115
368 2556 597 2603 dominus„
641 2556 762 2607 quod
795 2569 887 2597 non
921 2558 996 2596 est
1030 2568 1197 2597 servus
1237 2557 1387 2597 maior
1419 2557 1605 2597 domino
1641 2568 1725 2597 suo
1760 2568 1845 2597 nec

71 2636 320 2666 successor
365 2626 488 2666 Petri
534 2627 634 2677 ipso
679 2626 982 2677 ι101111111100110
1030 2627 1266 2668 celebrior.
1330 2627 1455 2668 Deus
1502 2628 1622 2668 enim
1670 2628 1751 2668 celi
1799 2630 1842 2667 et

69 2697 193 2736 terre
216 2699 351 2737 reatu
374 2697 507 2747 primi
530 2697 730 2738 hominis
762 2698 971 2739 offensus
1005 2699 1173 2739 nedum
1197 2698 1428 2739 humanas
1452 2699 1632 2749 respuit
1664 2710 1843 2749 preces,

69 2777 230 2806 verum
263 2767 474 2808 homines
508 2768 721 2808 excitans
746 2769 935 2809 vocavit
963 2770 1010 2808 et
1037 2769 1208 2820 docuit,
1234 2769 1398 2820 quibus
1433 2764 1631 2819 divined)
1664 2770 1842 2810 culmen

71 2836 291 2878 inclinare
326 2838 535 2879 valerent
573 2839 630 2879 ad
662 2839 1025 2880 nanciscendum
1059 2840 1428 2881 misericordiam
1463 2852 1729 2891 pacemque.
1786 2840 1843 2880 Et

70 2908 123 2948 ut
154 2907 384 2957 piaculum
426 2910 545 2950 tanti
581 2910 784 2950 criminis
828 2911 1084 2962 expiarent,
1119 2911 1235 2952 alios
1270 2911 1539 2952 obediencia
1580 2911 1685 2951 fidei
1719 2923 1842 2952 com-

188 3056 219 3084 a)
240 3056 288 3082 Hs
310 3058 446 3083 veretur
471 3057 602 3091 impius.
652 3057 686 3092 b)
707 3058 754 3086 Hs
776 3058 856 3093 folyt
876 3066 895 3085 a
920 3066 954 3085 se
980 3061 1130 3086 vocatos.
1181 3059 1210 3093 c)
1229 3059 1278 3087 Hs
1299 3066 1429 3093 magne.
1479 3059 1512 3093 d)
1532 3059 1628 3086 Fehlt
1650 3058 1842 3085 maiestatis

69 3102 146 3129 0rler
167 3103 256 3131 rihni.
