2178 3404
566 152 613 193 Γ(
655 160 722 192 Die
754 159 1083 202 Vcrhandluugen
1112 169 1185 191 von
1218 158 1449 200 l'erpiguan.
1807 152 1893 190 5033

125 268 442 319 racionabiles⁷
488 267 653 318 quibus
696 268 978 317 respondere
1024 267 1210 307 minime
1259 270 1537 307 curaverunt
1586 280 1669 308 nec
1715 269 1894 319 aliquas

126 340 222 381 vias
258 340 539 389 aperuerunt
572 338 727 379 unioni
762 337 1015 378 directivas
1051 369 1058 377 .
1095 368 1101 376 .

240 423 356 473 Quia
404 421 501 471 regi
547 420 817 470 Aragonum
864 419 1357 470 ambaxiatoribusque
1404 421 1596 460 aliorum
1645 433 1802 471 regum
1849 426 1888 461 et

124 493 375 543 principum
410 491 530 531 illius
565 490 844 540 obediencie,
879 490 1214 531 mediatoribus
1249 491 1393 531 eciam
1424 491 1657 542 *predictis
1691 494 1737 532 et
1773 492 1894 542 regis

123 563 390 614 Aragonum
425 562 513 603 toti
559 558 797 610 consilio²¹)
831 560 1088 611 videbatun
1135 561 1257 611 quod
1292 561 1361 601 vie
1402 574 1481 611 per
1525 562 1705 612 legatos
1740 561 1895 602 oblate

122 634 259 674 Petro
292 633 414 674 iuste
447 632 636 672 fuerunt
669 634 716 671 et
751 630 1063 681 acceptabiles
1098 631 1448 681 predictumque
1474 632 1517 670 l'.
1550 632 1606 672 ad
1642 632 1892 673 cedendum

120 704 462 755 indispositum,
496 703 598 743 ideo
633 703 807 744 dictum
845 702 888 742 Ρ.
925 702 1050 742 adire
1084 702 1394 753 personaliter
1428 703 1483 742 ad
1525 703 1758 753 predictas
1794 704 1895 743 vias

120 775 267 816 eidem
313 774 612 825 exponendas
660 806 667 814 .
716 805 723 812 .
777 805 783 813 .
827 773 937 813 dicti
983 773 1125 823 legati
1168 773 1488 813 decreverunt.
1554 773 1895 824 Audienciaque

121 846 268 886 eidem
303 856 616 896 preconcessa
649 844 903 894 penultimo
938 843 1008 883 die
1053 844 1229 883 mensis
1276 841 1493 884 Octobris
1540 843 1708 894 prefati
1754 845 1893 895 legati

121 916 299 957 concilii
334 915 716 957 Constanciensis
751 926 842 955 una
877 926 979 956 cum
1014 914 1128 955 duce
1168 914 1223 954 de
1258 914 1407 964 Briga„
1442 914 1709 966 baronibus,
1742 915 1895 955 militi-

123 987 206 1027 bus
240 988 288 1027 et
320 985 590 1027 doctoribus
614 998 670 1026 ex
693 987 826 1036 parte
851 985 974 1035 regis
998 984 1312 1026 Romanorum
1339 985 1514 1025 eisdem
1539 986 1895 1026 concomitanti-

122 1057 205 1097 bus
241 1057 299 1097 ad
340 1057 466 1096 illum
508 1056 554 1096 P.
589 1057 720 1097 iuxta
763 1068 922 1097 eorum
965 1055 1189 1096 mandata
1231 1055 1285 1095 de
1329 1055 1533 1096 cedendo
1577 1068 1661 1097 suo
1706 1057 1894 1106 papatui

120 1127 443 1177 requirendum
498 1129 609 1168 tunc
661 1127 943 1167 residentem
999 1127 1043 1166 in
1102 1128 1262 1167 castro
1318 1127 1577 1176 Perpiniani
1634 1126 1894 1168 fortissimo

119 1198 426 1248 gentibusque
461 1210 698 1239 armorum
733 1197 990 1238 fortissime
1024 1198 1202 1238 munito
1237 1198 1281 1237 in
1306 1197 1500 1247 singulis
1534 1198 1697 1249 portis⁷
1727 1198 1895 1238 hostiis

122 1281 175 1310 ac
208 1269 430 1309 fenestris
465 1280 593 1309 more
628 1269 959 1319 campestrium
1006 1267 1279 1309 bellancium
1316 1280 1419 1308 cum
1460 1268 1644 1309 balistis
1686 1270 1895 1309 extensis

121 1342 209 1380 etc.
243 1340 288 1380 in
327 1339 429 1381 loco
470 1340 799 1389 consistorialL
840 1339 915 1379 ubi
956 1339 1127 1380 adtunc
1171 1339 1365 1380 sedebat
1404 1339 1555 1379 dictus
1593 1340 1637 1379 Ι).
1674 1371 1681 1379 .
1717 1372 1724 1379 .
1762 1372 1769 1380 .
1804 1352 1894 1380 non

121 1410 179 1451 ad
212 1410 364 1451 instar
396 1423 528 1461 pape,
563 1414 637 1451 set
671 1410 890 1451 satelli¹is
915 1413 1135 1460 papatum
1163 1422 1264 1450 cum
1291 1410 1457 1460 gladiis
1482 1411 1681 1451 retinere
1707 1413 1895 1451 conten-

121 1481 287 1533 dentis,
321 1482 631 1532 personaliter
664 1483 981 1523 accesserunt.
1048 1480 1212 1522 Coram
1241 1493 1329 1532 quo
1356 1481 1732 1532 archiepiscopus
1752 1482 1894 1523 Turo-

120 1552 279 1592 nensis
314 1583 322 1592 .
358 1583 366 1592 .
402 1549 448 1604 .1)

239 1624 365 1673 Quas
398 1623 704 1673 inductiones,
739 1625 791 1663 ut
824 1617 1065 1674 apa1·uit''),
1101 1622 1331 1663 modicum
1367 1623 1633 1667 advertens„
1669 1625 1743 1663 set
1775 1623 1894 1663 illico

121 1696 231 1734 tunc
265 1693 319 1733 de
354 1694 497 1744 ipsius
532 1694 754 1734 mandato
789 1694 1035 1744 episcopus
1071 1689 1397 1743 Senecensis’2)
1431 1693 1487 1733 ad
1512 1693 1657 1743 ipsius
1685 1693 1728 1734 Ρ.
1754 1694 1894 1744 pedes

122 1776 172 1818 se
206 1764 368 1815 erexit,
403 1764 524 1805 inter
558 1766 715 1805 cetera
756 1765 913 1805 dicens
947 1764 1132 1803 nomine.
1172 1764 1281 1805 dicti
1318 1764 1454 1815 Petri,
1495 1764 1629 1814 quod,
1664 1765 1783 1805 sicut
1827 1765 1896 1804 vir

119 1834 360 1875 dimittens
403 1846 594 1875 uxorem
632 1847 763 1875 suam
806 1836 863 1875 ad
898 1835 1250 1875 adulterandam
1299 1838 1462 1885 peccat
1510 1835 1784 1885 mortaliter„
1828 1836 1894 1876 sic

118 1905 217 1955 ipse
252 1917 392 1946 verus
427 1905 599 1946 Christi
633 1918 835 1956 sponsus
870 1918 960 1946 non
1002 1906 1190 1945 tenetur
1230 1905 1406 1955 cedere,
1441 1905 1578 1946 sicuti
1618 1917 1702 1947 nec
1743 1906 1894 1951 debet,

117 1976 205 2016 nisi
238 1976 365 2026 prius
399 1977 581 2027 viderit7
624 1989 704 2027 per
744 1989 876 2027 quem
918 1980 1027 2027 post
1066 1977 1211 2027 ipsius
1253 1976 1513 2017 cessionem
1554 1977 1895 2027 gubernaretur

118 2046 330 2088 ecclesia..
396 2046 466 2087 Ad
502 2048 633 2088 cuius
668 2048 793 2088 dicta
827 2048 881 2088 de
916 2048 962 2088 P.
998 2048 1219 2088 mandato
1256 2047 1431 2088 addidit
1465 2048 1581 2088 alius
1616 2048 1795 2095 doctor,
1830 2048 1893 2088 di-

118 2129 243 2168 cens,
277 2118 399 2168 quod
434 2118 492 2158 ad
524 2119 675 2169 ipsum
712 2118 758 2158 Ι).
783 2121 830 2159 ut
868 2131 1034 2169 papam
1071 2121 1255 2169 spectat
1288 2118 1453 2159 electio
1488 2118 1631 2158 futuri
1662 2119 1893 2168 pontificis

117 2187 284 2238 duplici
317 2188 519 2239 racione,
554 2189 717 2240 primo,
763 2189 867 2240 quia
902 2189 956 2229 de
990 2190 1087 2230 iure
1121 2189 1322 2229 maiores
1358 2201 1498 2229 cause
1534 2189 1590 2230 ad
1626 2202 1790 2239 papam
1828 2190 1893 2229 sic

119 2260 339 2308 spectant
371 2258 633 2311 decidende,
669 2260 790 2310 quod
825 2260 881 2300 ab
906 2260 1052 2310 ipsius
1087 2260 1357 2310 cognicitme
1391 2260 1521 2300 evelli
1553 2272 1643 2300 non
1678 2262 1893 2310 possunt,

117 2329 262 2370 eciam
298 2342 418 2380 papa
442 2331 642 2381 volente,
675 2331 762 2371 nisi
794 2343 849 2371 ex
874 2331 959 2371 hoc
989 2332 1218 2381 peccaret,
1254 2332 1323 2370 set
1354 2331 1474 2371 inter
1497 2331 1698 2370 maiores
1724 2342 1893 2371 causas

119 2401 193 2439 est
226 2400 480 2440 maximum
514 2401 757 2450 providere
791 2401 985 2441 ecclesie
1024 2401 1275 2441 universali
1310 2400 1365 2441 de
1400 2403 1605 2451 pastore,
1646 2413 1726 2450 per
1758 2412 1890 2450 quem

120 2469 251 2509 fieret
287 2470 405 2521 unio,
441 2482 577 2520 quam
614 2483 803 2511 causam
841 2471 972 2511 alteri
1009 2462 1107 2511 sine
1136 2473 1328 2521 peccato
1363 2483 1453 2511 non
1488 2473 1645 2521 potest
1681 2471 1892 2511 commit-

120 2541 233 2579 tere.
289 2540 499 2580 Secundo
535 2541 653 2581 idem
688 2542 839 2581 intulit
877 2542 1056 2591 doctor7
1092 2542 1211 2592 quod
1247 2544 1348 2591 post
1388 2553 1504 2591 pape
1539 2542 1798 2582 cessionem
1836 2542 1891 2582 ad

120 2610 270 2663 ipsum
305 2612 355 2650 ut
399 2610 633 2652 indubium
678 2612 959 2652 cardinalem
994 2612 1157 2653 electio
1199 2625 1314 2663 pape
1358 2614 1555 2663 spectat¹7
1603 2624 1705 2652 cum
1740 2613 1892 2652 nullus

121 2680 185 2720 sit,
233 2682 389 2730 preter
441 2681 591 2731 ipsum
646 2681 935 2722 indubitatus
985 2682 1246 2723 cardinalis.
1326 2682 1567 2733 Subiungit
1618 2683 1662 2722 in
1711 2682 1799 2723 tine
1848 2683 1891 2722 in

239 2818 270 2851 a)
290 2818 338 2845 Hs
359 2817 511 2844 concilio.
550 2818 582 2851 b)
604 2819 651 2845 IL>-
672 2819 813 2852 aperuit.

241 2878 264 2919 ¹)
292 2878 370 2912 Der
409 2890 487 2913 mm
533 2879 710 2923 folgleudc
750 2880 902 2914 Bel-[cleb
946 2881 1032 2914 {ther
1071 2882 1131 2914 dic
1169 2882 1272 2915 Rcdc
1315 2882 1379 2913 drus·
1418 2882 1657 2926 Ethistmfls·
1704 2894 1769 2916 rm·
1807 2885 1889 2916 dem

121 2938 243 2981 Pap-st
280 2938 386 2972 decht
421 2939 501 2972 sich,
543 2940 681 2973 wieder
721 2940 789 2973 nevit
825 2940 952 2973 des-scm
991 2940 1143 2982 vigscucn
1180 2940 1359 2982 Amyntan
1400 2941 1533 2974 Hardt
1559 2942 1605 2974 II
1635 2943 1721 2982 :33ss
1760 2943 1892 2975 Mam-i

121 2997 301 3031 XXVIII
321 2997 401 3030 247.

238 3055 265 3100 ')
294 3057 427 3090 Ηανιῖέ
458 3057 493 3092 H
521 3058 590 3090 534
616 3058 682 3090 lm}
711 3058 975 3098 §ovetensenn
1004 3059 1119 3092 mein!
1147 3059 1229 3093 also
1259 3060 1355 3093 wohl
1384 3061 1482 3099 ι’)’νὶῃ
1510 3060 1656 3094 Orictlo.
