2178 3404
585 161 807 195 (lutacllten
839 161 906 193 (les
934 160 1142 193 Kardinals
1171 170 1242 192 von
1275 158 1444 192 Hlleims.
1812 147 1896 189 (553

124 272 362 313 involvere
386 274 429 311 et
458 282 629 321 errore,
655 282 790 320 quam
813 281 972 309 carere
993 269 1284 319 (fastellanis,
1309 268 1381 318 qui
1408 270 1510 307 sunt
1540 279 1679 307 unum
1706 279 1894 316 regnum

125 344 167 383 in
209 354 335 392 casu,
381 353 469 391 quo
507 341 642 381 aliter
685 340 859 379 nollent
907 352 957 379 se
1005 339 1145 379 unire.
1212 339 1303 378 Nec
1350 338 1572 378 debemus
1617 350 1702 377 nos
1750 338 1900 377 minus

126 412 296 453 malum
331 412 642 461 committere7
683 413 730 451 ut
769 410 885 450 alius
919 410 1035 450 vitet
1081 410 1231 450 maius
1272 409 1441 449 malum
1480 441 1487 448 .
1524 441 1531 448 .
1568 440 1575 448 .
1612 409 1733 448 Licet
1779 409 1897 447 enim

128 483 404 534 quandoque
428 482 581 521 minus
606 481 776 521 malum
804 481 862 520 sit
899 480 1206 521 tollerandum
1233 480 1434 530 passive.
1470 482 1517 519 ut
1546 480 1721 519 vitetur
1751 479 1901 519 maius

125 553 311 603 malum,
345 564 437 593 non
472 555 630 592 tamen
664 552 816 591 minus
851 551 1022 591 malum
1057 552 1127 590 est
1159 551 1358 600 positive
1394 551 1545 600 aliquo
1581 562 1691 590 casu
1729 549 1899 589 sacien-

126 623 249 675 dum,
284 622 673 673 quemadmodum
703 622 993 672 contingeret
1020 622 1062 661 in
1092 621 1349 672 proposito,
1375 621 1411 660 si
1441 633 1625 661 sacrum
1657 620 1898 661 concilium

126 693 212 733 hac
248 693 490 743 iniquitate
514 692 701 733 notoria
736 692 908 732 victum
935 693 979 732 et
1006 692 1270 732 convictum
1297 691 1583 731 consentiret
1613 692 1745 730 tanto
1780 690 1901 730 malo

126 775 403 814 erroresque
438 763 559 803 dicte
594 761 752 803 cedule
786 763 1080 813 approbaret.

246 846 467 886 Preterea
500 845 610 885 dato
645 846 780 897 enim,
822 845 943 895 quod
978 856 1162 885 sacrum
1201 844 1441 884 concilium
1480 844 1763 884 consentiret
1800 844 1902 885 huic

127 916 265 956 modo
299 916 371 956 vel
407 916 678 966 cuicumque
715 916 846 956 alteri
883 915 1017 955 simili
1052 915 1095 954 in
1130 914 1300 954 effectu
1337 915 1400 955 sic
1434 917 1622 955 extorto
1658 915 1714 955 ad
1748 915 1902 954 huius-

129 986 252 1027 modi
287 986 564 1026 instanciam
592 986 893 1027 cardinalium
927 987 1258 1036 importunam,
1294 998 1456 1026 revera
1483 985 1590 1025 talis
1623 997 1713 1025 non
1745 988 1902 1035 posset

129 1057 217 1097 dici
263 1057 427 1098 electio
475 1058 713 1107 canonica„
759 1057 803 1097 id
844 1059 917 1097 est
963 1056 1139 1107 deifica,
1187 1068 1288 1096 cum
1339 1056 1529 1106 spiritus
1577 1058 1785 1106 sanctus7
1833 1056 1904 1106 qui

130 1127 291 1178 effugit
326 1127 500 1179 fictum,
540 1130 667 1168 esset
703 1127 761 1167 ibi
798 1128 972 1178 primus
1006 1129 1175 1178 motor,
1215 1129 1265 1167 ut
1301 1127 1501 1175 videtur3
1542 1127 1622 1166 sed
1658 1126 1766 1166 talis
1807 1139 1905 1166 car-

130 1199 348 1239 dinalium
382 1198 615 1239 instancia
648 1198 719 1239 vel
756 1198 915 1248 pocius
944 1198 1183 1247 protervia
1218 1198 1484 1247 importuna
1517 1199 1561 1236 et
1592 1197 1776 1237 notoria
1812 1199 1905 1236 tra-

130 1269 245 1309 hens
281 1280 439 1309 secum
483 1269 657 1309 multas
693 1269 983 1320 suspiciones
1029 1268 1331 1315 vehementes
1374 1271 1421 1307 et
1464 1268 1529 1307 sic
1565 1270 1907 1318 consequenter

133 1339 287 1380 omnia
321 1339 412 1380 alia
445 1340 596 1380 media
638 1352 833 1380 necesse.
869 1342 941 1379 est
976 1351 1082 1379 esse
1117 1339 1209 1380 isto
1254 1351 1366 1379 casu
1401 1339 1592 1379 viciosa.
1657 1339 1773 1379 Nam
1816 1350 1907 1378 non

132 1412 291 1460 potest¹
324 1410 382 1450 ibi
417 1422 524 1450 esse
557 1411 737 1461 puritas
772 1413 819 1451 et
848 1411 1110 1459 sinceritas„
1144 1410 1218 1451 ubi
1249 1410 1391 1450 trahit
1426 1409 1480 1449 ad
1517 1409 1902 1449 consenciendum

132 1481 292 1521 taliter
323 1481 529 1532 ipsorum
564 1482 855 1522 movencium
900 1481 1134 1531 iniquitas.
1200 1481 1324 1520 Unde
1368 1481 1405 1519 si
1441 1492 1624 1520 sacrum
1662 1480 1903 1520 concilium

134 1554 260 1592 metu
295 1552 486 1592 maioris
521 1552 627 1592 mali
663 1552 866 1592 evitandi
904 1552 960 1592 ad
995 1551 1381 1592 consenciendum
1420 1551 1720 1591 cardinalium
1754 1550 1910 1590 huius-

134 1622 256 1662 modi
302 1622 552 1662 intencioni
599 1625 881 1673 moveretur7
929 1622 1036 1662 talis
1084 1624 1254 1671 motus7
1303 1625 1350 1661 ut
1399 1621 1597 1671 videtur,
1643 1633 1734 1661 non
1781 1623 1909 1660 esset

136 1693 328 1742 spiritus
353 1693 505 1733 sancti
540 1693 867 1743 principaliter,
893 1693 973 1732 sed
999 1693 1194 1732 illorum.
1220 1704 1412 1742 quorum
1441 1693 1714 1741 sequeretur
1748 1691 1907 1731 volun-

139 1764 286 1803 tatem
322 1763 366 1803 in
400 1763 486 1803 hac
522 1766 669 1813 parte,
703 1776 787 1803 nec
822 1767 946 1803 esset
994 1763 1051 1802 ibi
1088 1763 1278 1803 caritas.
1323 1774 1409 1812 quc»
1444 1762 1557 1802 soris
1592 1762 1732 1801 mittit
1772 1762 1910 1801 talem

135 1833 369 1885 timorem,
404 1834 485 1874 sed
512 1836 637 1874 esset
664 1836 832 1884 patens
857 1834 1089 1884 iniquitas.
1137 1834 1206 1873 Ad
1232 1845 1368 1884 quam
1400 1833 1689 1882 iniquitatem
1718 1835 1915 1872 conatur

136 1903 229 1944 ista
263 1905 471 1954 practica
507 1917 692 1945 sacrum
729 1905 968 1945 concilium
1006 1905 1278 1955 pertrahere
1312 1907 1354 1943 et
1384 1915 1464 1953 per
1494 1915 1786 1953 consequens
1810 1915 1913 1952 gra-

136 1974 258 2015 viter
290 1975 531 2026 infamare,
567 1976 636 2015 cui
673 1975 1011 2015 succurendum
1048 1977 1171 2015 esset
1211 1975 1371 2025 pocius
1401 1973 1696 2014 oracionibus
1730 1974 1911 2013 devotis

136 2046 312 2094 piarum
350 2046 579 2086 mencium
614 2058 750 2096 quam
787 2046 938 2086 acutis
975 2046 1278 2096 argumentis.

134 2206 256 2260 (266)
289 2209 541 2250 Gulachlcn
583 2210 662 2250 des
695 2208 960 2250 Karde'nals
1006 2222 1083 2250 rou
1124 2208 1309 2250 Iflwims
1342 2208 1517 2249 (Simon
1558 2209 1816 2250 (U'amawl)
1858 2222 1911 2248 :u

287 2279 493 2320 Gunelmz
538 2280 620 2320 der
666 2279 868 2321 sedula:
913 2281 981 2320 Ad
1029 2280 1226 2320 laudem.
1293 2279 1541 2323 (Zwixclwn
1578 2279 1695 2319 June·
1729 2282 1783 2318 1⁸
1815 2279 1915 2318 med

284 2350 387 2391 Julet
417 2350 508 2400 ⁴26.)

260 2430 386 2472 Paris,
415 2429 510 2463 Bibz.
542 2431 750 2463 Natlmmle
771 2430 860 2463 (lod
892 2431 1006 2462 18:57⁸
1031 2432 1058 2473 s.
1087 2432 1156 2463 :353
1181 2432 1217 2472 ff.
1260 2430 1403 2462 ware
1428 2429 1632 2472 Abs-clert'ft.
1659 2430 1746 2462 sehr
1772 2428 1911 2471 feltler-

139 2488 236 2530 least.
306 2489 517 2530 l'usiwziflc
555 2488 693 2522 Stellen
734 2490 820 2521 *nied
862 2490 978 2530 irriqse
1018 2489 1141 2522 litate
1178 2489 1270 2521 siml
1308 2488 1427 2528 [dasch
1465 2488 1681 2530 ltorrigsietl.
1734 2486 1915 2520 Eineelvm

140 2547 295 2580 Lw'ick'en
329 2549 468 2589 eesiyen.
504 2548 584 2589 (Ιαβ
619 2549 688 2581 der
714 2548 956 2581 Absclaervibm·
991 2549 1053 2581 die
1084 2547 1249 2587 Vorlauc
1283 2548 1388 2581 wic-Izi
1428 2547 1524 2580 lesen
1553 2547 1702 2580 ltmmte.

261 2632 504 2683 Quoniam7
539 2633 661 2672 sicut¹
685 2633 905 2672 scribitur
938 2633 980 2672 in
1012 2644 1202 2682 canone,
1237 2632 1360 2672 Deus
1385 2632 1557 2681 gaudet
1591 2632 1645 2671 de
1673 2631 1914 2671 fraternali

143 2702 393 2742 concordia
426 2705 470 2742 et
507 2703 734 2752 gloriatur
780 2704 822 2742 in
868 2702 1087 2742 membris
1122 2702 1219 2742 suis
1262 2703 1303 2741 in
1349 2716 1385 2742 c.
1419 2702 1808 2752 Archiepisfflpus
1845 2700 1915 2740 lx.

143 2774 191 2812 et
223 2769 346 2824 11111)
377 2775 421 2813 et
457 2785 539 2823 pro
572 2773 785 2814 habendo
822 2774 1035 2814 unionem
1071 2773 1324 2823 perfectam
1363 2773 1404 2812 in
1440 2773 1636 2813 ecclesia
1668 2773 1764 2821 Dei,
1801 2784 1916 2811 unus

144 2843 311 2883 modus
345 2845 419 2883 est¹
454 2846 644 2893 apertus
678 2846 723 2883 et
762 2856 842 2894 per
875 2844 1116 2893 collegium
1154 2843 1443 2882 dominorum
1478 2843 1776 2883 cardinalium
1813 2842 1915 2881 huic

146 2924 283 2953 sacro
320 2914 512 2954 concilio
548 2914 749 2961 obustus„
787 2916 833 2953 ut
873 2916 1065 2963 apparet
1091 2925 1171 2963 per
1196 2912 1404 2952 cedulam
1441 2925 1520 2962 per
1553 2913 1679 2962 ipsos
1704 2912 1917 2951 dominos

269 3051 293 3093 1)
324 3051 359 3085 (s.
387 3053 408 3085 9
435 3063 466 3094 «1.
492 3053 515 3084 3
541 3062 567 3085 c.
595 3054 625 3085 5.
