2178 3404
318 196 358 229 B.
410 196 479 228 Die
507 196 622 229 Reise
647 195 690 227 K.
719 194 960 238 Sigismunds
990 194 1090 227 nach
1118 193 1326 226 Narbonne
1355 191 1432 225 und
1460 190 1692 233 Perpignan.
1809 180 1892 221 441

132 306 188 346 Et
221 317 386 346 versus
419 304 525 345 fiat:
563 304 656 345 Pax
680 305 723 344 in
749 304 922 343 virtute
946 306 1041 351 tua,
1077 314 1179 343 cum
1206 308 1457 352 responso:
1494 299 1546 340 Et
1574 298 1896 339 habundancia

130 377 173 416 in
207 375 412 416 turribus
447 371 603 421 tuis.¹)'
642 374 815 415 Deinde
849 374 1005 414 oracio
1041 374 1083 413 in
1118 373 1187 413 liis
1222 372 1398 413 verbis:
1435 403 1442 410 .
1479 403 1486 410 .
1523 402 1529 410 .
1567 370 1772 411 Ecclesie
1807 372 1899 409 tue.

130 458 397 498 quesumus
430 445 637 495 Domine,
672 456 834 495 preces
859 444 1072 494 placatus
1098 444 1308 485 admitte.
1334 445 1383 483 ut
1408 442 1663 482 destructis
1695 440 1899 481 adversi-

130 516 307 557 tatibus
339 518 387 556 et
420 516 655 557 erroribus
689 515 920 556 universis
956 526 1121 555 secura
1157 513 1237 554 tibi
1284 513 1458 564 serviat
1508 512 1738 552 libertate.
1816 510 1902 550 Per

128 586 375 628 Dominum
408 590 622 628 nostrum
657 589 744 627 etc.
779 586 970 636 Insuper
1003 585 1148 625 eciam
1184 585 1227 624 in
1261 584 1412 623 medio
1448 583 1517 623 vel
1562 583 1605 622 in
1648 582 1735 621 tine
1779 581 1901 621 dicte

127 657 272 698 misse
304 656 386 698 fiat
420 669 574 698 sermo
609 657 828 707 solennis,
861 656 905 696 in
941 667 1028 706 quo
1064 667 1145 706 per
1178 654 1545 705 predicacionem
1591 653 1647 693 ad
1694 653 1900 702 peniten-

129 727 247 768 ciam
281 730 327 768 et
362 729 587 769 orandum
620 728 767 768 Deum
803 727 972 768 devote
996 738 1078 777 pro
1104 725 1425 767 ecclesiastica
1451 725 1631 764 unitate
1657 736 1708 763 ac
1734 723 1900 763 reinte-

127 798 304 849 grando
338 799 506 850 populo
542 799 797 841 christiano
836 798 994 838 fideles
1009 798 1041 847 a)
1066 798 1150 848 ipsi
1181 797 1267 847 piis
1297 798 1341 836 et
1374 795 1557 835 devotis
1589 794 1900 845 persuasioni-

128 868 214 910 bus
247 869 516 911 invitentur.
571 870 625 910 Et
662 872 709 910 ut
748 901 755 909 .
793 901 800 909 .
837 901 844 908 .
879 868 1156 919 propensius
1192 868 1469 917 animentur,
1506 897 1513 905 .
1550 897 1556 905 .
1594 897 1600 905 .
1636 877 1743 905 vere
1778 865 1901 915 peni-

128 939 334 980 tentibus
367 941 415 981 et
448 940 679 982 confessis
712 940 757 980 in
792 940 928 981 dictis
975 939 1120 980 missa
1167 940 1210 979 et
1258 937 1559 988 processione
1606 935 1901 986 presentibus

128 1012 176 1051 et
208 1022 290 1061 pro
324 1012 566 1062 premissis
600 1011 769 1052 devote
804 1010 1046 1051 orantibus
1081 1013 1179 1050 tres
1215 1021 1362 1050 annos
1396 1011 1440 1049 et
1478 1007 1672 1048 totidem
1705 1006 1902 1057 quadra-

127 1092 272 1132 genas
297 1081 351 1122 de
384 1082 602 1124 iniunctis
637 1083 703 1123 eis
738 1081 1010 1132 penitenciis
1044 1081 1087 1120 in
1112 1080 1308 1121 Domino
1333 1078 1699 1120 misericorditer
1722 1077 1901 1117 relaxa-

127 1164 246 1203 mus,
286 1153 479 1204 singulis
527 1165 638 1194 vero
675 1185 683 1193 .
720 1185 727 1192 .
763 1185 770 1193 .
818 1151 1073 1193 scientibus
1116 1152 1282 1202 legere,
1329 1151 1404 1201 qui
1449 1150 1623 1190 dictum
1671 1148 1901 1199 psalmum

129 1234 233 1263 culn
268 1223 492 1275 antifona,
527 1224 808 1265 versiculum
843 1226 888 1263 et
924 1223 1191 1263 oracionem
1226 1221 1505 1271 recitabunt,
1541 1220 1709 1261 ceteris
1745 1222 1901 1260 autem

126 1293 312 1335 litteras
345 1294 662 1336 nescientibus
697 1306 779 1335 seu
811 1294 964 1344 legere
999 1293 1245 1335 commodo
1279 1304 1370 1333 non
1405 1291 1669 1332 valentibus
1703 1291 1902 1341 quinque

128 1364 306 1406 vicibus
360 1366 625 1406 oracionem
672 1365 950 1406 dominicam
996 1367 1042 1405 et
1089 1364 1270 1414 sepcies
1317 1363 1656 1403 salutacionem
1699 1361 1902 1412 Virginis

129 1435 387 1486 angelicam
422 1468 430 1476 .
467 1468 474 1475 .
511 1468 518 1476 .
552 1436 861 1477 recitantibus
895 1435 1040 1476 semel
1072 1435 1117 1475 in
1151 1435 1221 1475 die
1255 1446 1396 1475 unum
1433 1445 1602 1474 annum
1628 1435 1672 1473 et
1705 1432 1901 1483 quadra-

127 1506 258 1557 ginta
300 1506 398 1547 dies
441 1507 652 1548 similiter
684 1507 966 1548 relaxamus.
1029 1506 1201 1547 Datum
1250 1505 1466 1546 Valencie
1512 1504 1748 1555 provincie
1794 1503 1902 1544 Ter-

127 1578 401 1619 raconensis
434 1578 533 1619 XV.
567 1578 802 1619 Kalendas
837 1578 1037 1629 Augusti
1072 1589 1193 1618 anno
1228 1577 1452 1617 vicesimo
1488 1575 1651 1626 primo.

246 1647 305 1689 Et
337 1648 525 1690 fuerunt
559 1650 646 1690 alie
679 1650 855 1690 similes
890 1649 948 1689 XI
984 1649 1138 1689 littere
1181 1648 1387 1689 eiusdem
1422 1647 1600 1687 tenoris
1634 1658 1714 1697 per
1748 1645 1903 1686 omnia

128 1722 177 1761 et
210 1720 345 1761 simul
379 1732 540 1762 omnes
575 1720 789 1771 expedite
823 1722 867 1761 et
902 1720 985 1760 fuit
1023 1732 1113 1760 una
1149 1720 1249 1761 sola
1283 1721 1331 1759 ut
1367 1730 1509 1769 supra
1543 1717 1812 1768 registrata.

128 1883 248 1937 (188)
278 1884 544 1938 Erzbt'schof
572 1883 809 1935 (Garsias)
846 1897 925 1926 von
963 1883 1221 1938 ›S'm‘agyossa
1257 1897 1318 1925 (m
1355 1881 1409 1924 K.
1447 1882 1743 1924 Ferde'mmd:
1774 1881 1901 1923 Nacle

276 1956 539 1998 schlimmer
584 1955 731 1997 Falerl
778 1956 907 1997 hemo
955 1955 1169 2008 Ankmeft
1218 1957 1262 1996 in
1314 1954 1608 2007 Pmfflfflmn,
1662 1952 1807 2006 Palm!
1857 1953 1900 1993 in

281 2025 529 2077 Colliom·e;
562 2025 837 2080 &ms-anwed
871 2028 915 2067 iu
967 2026 1183 2077 Vahalem·
1216 2026 1510 2068 mahometi-tes
1552 2024 1787 2065 ism-hulten
1824 2024 1906 2064 der

277 2096 493 2139 Konszma
544 2111 621 2139 ron
671 2097 943 2151 Perpe'gynan
994 2097 1170 2150 belreffs
1217 2098 1299 2138 fler
1344 2097 1557 2138 kure'alen
1609 2094 1903 2148 Prim'legyicn.

278 2168 570 2222 (Perpe'gynan
604 2167 736 2219 1415)
773 2169 878 2210 εῙηῖί
908 2170 977 2210 31.

247 2250 476 2284 Bao-colona.
504 2250 765 2284 Kromwchiv.
795 2250 854 2283 Or.
882 2250 980 2293 Pap.

249 2335 439 2386 Senyor.
501 2335 681 2376 Plassia
715 2335 853 2376 saber
887 2348 912 2376 a
945 2337 1111 2375 vostra
1144 2335 1377 2386 senyoria,
1412 2346 1498 2385 que
1533 2334 1590 2374 ab
1626 2336 1762 2374 rents
1797 2344 1904 2373 con-

132 2405 273 2446 traris
306 2409 351 2446 et
386 2405 684 2456 indisposicio
719 2405 773 2445 de
808 2409 929 2446 tems
964 2418 1049 2446 son
1084 2405 1259 2445 arribat
1295 2418 1321 2445 a
1355 2404 1505 2445 Roses
1540 2404 1596 2444 ab
1632 2404 1675 2444 Ia
1708 2403 1843 2454 galea
1877 2415 1903 2443 a

131 2475 277 2516 XXIX
323 2476 377 2516 de
427 2480 613 2526 present
661 2488 760 2516 mes
810 2488 832 2516 e
882 2476 1195 2527 considerant,
1242 2487 1328 2525 que
1374 2487 1454 2525 per
1498 2474 1798 2525 indisposicio
1849 2474 1903 2515 de

132 2548 296 2586 vostra
328 2558 529 2597 persona
563 2558 586 2587 e
620 2558 701 2597 per
746 2547 789 2587 la
834 2547 929 2587 dita
978 2546 1091 2587 raho
1138 2550 1302 2587 vostra
1341 2546 1621 2586 excellencia
1667 2557 1725 2586 no
1772 2545 1902 2595 poria

131 2627 263 2656 esser
295 2617 391 2657 assi
426 2628 483 2657 an
518 2617 560 2657 lo
595 2620 743 2658 terme
790 2617 1059 2667 concordat,
1103 2617 1304 2667 deliberi,
1351 2628 1437 2667 que
1477 2616 1670 2667 jaquida
1716 2616 1759 2656 Ia
1805 2616 1902 2656 dita

130 2686 265 2737 galea
298 2698 402 2727 men
436 2688 597 2738 vinges
631 2687 688 2728 ab
721 2687 897 2728 besties
930 2688 1122 2738 Iogades
1168 2700 1248 2738 per
1295 2690 1421 2728 terra
1467 2688 1563 2728 assi
1598 2699 1678 2738 per
1723 2687 1792 2727 fer
1837 2687 1904 2727 les

131 2758 439 2798 excusacions
473 2770 497 2798 e
531 2759 893 2808 protestacions.
958 2758 993 2798 E
1026 2759 1080 2799 de
1125 2758 1205 2809 fet,
1251 2770 1436 2810 senyor,
1482 2771 1588 2809 vuy,
1635 2770 1721 2809 que
1764 2770 1814 2798 es
1861 2758 1903 2798 lo

131 2828 292 2869 derrer
326 2828 401 2869 dia
434 2828 489 2869 de
521 2829 673 2879 0Juliol,
707 2843 765 2881 γυ
801 2841 887 2869 son
922 2830 1017 2870 assi
1052 2841 1107 2869 en
1142 2829 1370 2880 Perpinya
1404 2830 1547 2869 intra-t
1584 2841 1607 2869 e
1641 2829 1813 2869 devant
1860 2829 1902 2869 lo

130 2899 425 2950 governador
447 2912 471 2940 e
506 2900 650 2940 altres
687 2899 880 2941 officials
905 2903 1093 2941 vostres
1126 2912 1150 2940 e
1185 2895 1445 2953 [notalris¹')
1479 2900 1689 2951 publichs
1723 2911 1781 2952 ΥΟ
1817 2911 1903 2941 con

249 3036 281 3069 a)
300 3036 373 3070 Rey.
398 3036 517 3063 fidelis.
554 3037 588 3071 1))
609 3037 704 3064 Loch.

252 3096 276 3133 1)
304 3098 364 3131 Ps.
392 3099 471 3140 121,
500 3101 531 3135 7.
