2178 3404
404 202 489 240 (540
719 209 777 243 lV.
806 208 1024 241 Absclmitt.
1079 206 1153 241 Der
1180 208 1510 250 Schriftencyclus
1539 220 1606 242 zur
1633 209 1870 251 Papstwahl.

404 319 458 358 de
492 320 693 359 naturali
728 320 933 369 ipsorum
972 319 1122 369 patria
1156 319 1399 359 exiverunt
1435 320 1479 359 et
1521 319 1565 358 in
1601 321 1706 359 aere
1748 320 1860 370 ipsis
1902 321 2176 363 inconsueto

406 402 552 440 usque
588 390 643 430 ad
671 390 859 429 tertium
896 401 1063 429 annum
1100 389 1339 439 pacienter
1373 392 1418 429 et
1447 391 1723 430 constanter
1751 390 1794 430 in
1825 390 2178 433 Constant-tensi

402 461 592 501 civitate
620 461 1045 510 perseverzwerunt
1076 472 1101 500 a
1126 460 1324 500 diversis
1349 460 1564 510 malignis
1588 461 1763 501 multas
1788 461 1967 512 iniquas
1993 463 2175 503 detrac-

401 532 551 571 tiones
587 531 876 571 sustinendo.
942 530 1000 570 Et
1032 542 1143 580 ergo
1178 531 1343 571 iterum
1373 531 1654 571 sollicitatur
1677 535 2033 573 sacrosanctum
2069 546 2175 573 con-

401 602 567 652 cilium,
603 613 704 641 cum
742 601 889 651 ipsum
933 602 996 641 sit
1036 613 1177 651 super
1222 602 1375 642 onmia
1422 602 1523 642 iura
1569 602 1787 653 positiva,
1835 603 2173 644 considerando

401 672 632 722 predictas
668 684 838 712 causas
873 673 1110 724 equitatis⁷
1146 673 1361 723 dignetur
1396 684 1539 712 causa
1574 673 1701 722 pacis
1736 675 1783 713 et
1817 674 2076 714 dilectionis
2118 675 2172 714 de

401 743 681 793 plenitudine
717 755 798 783 sue
834 744 1089 793 potestatis
1125 756 1286 783 omnes
1322 743 1582 784 cardinales
1619 744 1659 783 in
1674 744 1707 794 ss)
1741 744 2029 785 cardinalatu
2066 758 2172 786 con-

398 814 584 853 firmare
618 816 664 853 et
698 814 755 854 ad
789 815 1062 855 electionem
1102 827 1216 866 pape
1259 810 1559 864 a‹lmitte1·e¹')
1599 827 1914 866 quoscumque
1961 817 2171 857 volentes

400 896 479 934 per
511 897 697 924 sacrum
734 886 974 925 concilium
1013 886 1273 926 reformari.

516 956 727 996 secundo
761 957 970 1006 queritur
1003 957 1058 997 de
1097 957 1235 997 modo
1283 957 1523 997 electionis
1569 957 1819 997 eorundem
1869 959 2169 999 cardinalium

398 1028 520 1077 per‘')
554 1027 703 1067 dictas
740 1027 1017 1077 provincias.
1084 1028 1370 1078 Responsio:
1407 1028 1609 1068 Persone
1648 1028 1801 1068 iurate
1842 1032 2086 1079 presentes
2128 1030 2169 1069 in

396 1098 482 1137 hoc
517 1110 653 1138 sacro
688 1098 881 1138 concilio
907 1110 961 1138 ex
989 1099 1111 1138 omni
1138 1101 1267 1139 statu
1292 1099 1548 1139 ierarchico
1574 1101 1848 1149 convocate,
1873 1112 1958 1150 que
1984 1102 2093 1140 sunt
2116 1112 2170 1140 ex

397 1168 482 1207 illis
525 1168 744 1218 predictis
789 1169 1069 1219 dyocesibus
1113 1182 1194 1220 pro
1238 1170 1440 1220 qualicet
1483 1170 1735 1221 provincia,
1778 1172 1829 1210 ut
1872 1171 2171 1220 premittitulg

395 1239 529 1278 simul
578 1239 844 1289 registratis
891 1240 1058 1289 eligant
1112 1241 1364 1281 secundum
1414 1240 1610 1281 sormam
1661 1241 1771 1281 iuris
1819 1242 2078 1281 communis
2125 1244 2168 1281 et

396 1310 647 1350 secundum
685 1312 869 1351 statuta
906 1323 985 1361 per
1019 1323 1203 1352 sacrum
1232 1312 1474 1352 concilium
1507 1312 1778 1358 ordinandza
1814 1312 1851 1351 si
1884 1323 2000 1362 opus
2031 1311 2168 1352 fuerit

395 1381 450 1420 ad
486 1382 671 1421 statuta
706 1381 950 1422 laudabilia
986 1382 1109 1422 curie
1145 1382 1354 1423 Romane
1389 1384 1616 1423 consueta
1640 1383 1735 1422 fieri
1764 1383 1887 1422 circa
1917 1382 2169 1422 electiones

394 1451 709 1491 cardinalium.
784 1452 897 1492 Post
942 1452 1077 1493 tinem
1130 1456 1285 1493 autem
1337 1453 1473 1494 huius
1521 1454 1753 1504 presentis
1800 1453 1920 1493 sacri
1976 1453 2168 1500 concilii„

393 1523 760 1572 quandocunque
795 1526 904 1563 tunc
940 1524 1104 1574 aliquis
1140 1524 1453 1574 predictorum
1491 1525 1790 1565 cardinalium
1828 1536 1882 1563 ex
1917 1524 2168 1573 provinciis

392 1593 644 1633 electorum
693 1594 737 1633 in
784 1594 1074 1634 cardinalatu
1127 1607 1217 1635 non
1272 1596 1597 1645 permanserit,
1644 1597 1961 1635 convocentur
2006 1606 2168 1635 omnes

395 1664 557 1713 prelati
592 1664 712 1704 illius
748 1665 983 1714 provincie
1018 1677 1098 1715 per
1132 1665 1247 1705 duos
1284 1666 1341 1705 ad
1375 1666 1527 1706 minus
1563 1668 1644 1706 aut
1689 1677 1770 1716 per
1814 1665 1971 1715 plures
2018 1665 2165 1705 archi-

392 1735 639 1785 episcopos
688 1735 755 1775 vel
803 1735 1050 1786 episcopos
1093 1736 1299 1776 eiusdem
1350 1737 1598 1787 provincie,
1638 1736 2006 1787 quandocunque
2052 1736 2165 1786 ipsis

395 1805 661 1845 constiterit
695 1806 749 1845 de
773 1808 1003 1846 vacatura
1035 1807 1156 1847 illius
1181 1807 1498 1848 cardinalatus
1524 1808 1581 1847 ad
1605 1807 1803 1857 aliquem
1829 1807 1977 1847 locum
2004 1808 2162 1856 aptum

392 1877 440 1915 et
474 1887 687 1916 securum
725 1888 866 1927 prope
900 1878 1099 1918 medium
1137 1878 1342 1918 eiusdem
1380 1878 1615 1928 provincie
1649 1878 1707 1918 ad
1740 1877 1858 1917 hanc
1892 1877 2161 1916 electionem

393 1947 518 1996 prius
554 1958 634 1996 per
667 1948 978 1997 provinciales
1013 1949 1309 1989 concorditer
1343 1949 1615 1999 deputatum
1653 1951 1700 1988 et
1733 1948 1905 1998 eligant
1928 1947 2044 1987 duos
2068 1947 2163 1997 dig-

391 2017 613 2056 nissimos
648 2018 774 2058 viros
809 2019 1055 2069 religiosos
1103 2020 1171 2060 vel
1208 2020 1445 2060 seculares
1492 2020 1546 2059 de
1580 2020 1673 2059 ista
1716 2019 1876 2059 eadem
1912 2019 2164 2069 provincia,

394 2087 464 2126 vel
500 2087 536 2126 si
573 2088 726 2128 sciunt
761 2090 990 2140 meliores,
1026 2091 1100 2141 qui
1135 2091 1230 2130 sint
1263 2091 1318 2130 de
1364 2090 1568 2130 eiusdem
1620 2090 1852 2140 provincie
1891 2089 2046 2139 lingua
2094 2090 2161 2129 vel

391 2158 598 2208 nacione¹7
646 2160 900 2199 secundum
955 2161 1076 2211 quod
1128 2162 1349 2201 nacitmes
1405 2161 1552 2201 divise
1602 2162 1712 2201 sunt
1762 2160 1806 2199 in
1857 2171 1993 2199 sacro
2046 2160 2161 2199 Con-

391 2229 645 2268 stanciensi
672 2230 865 2270 concilio
901 2233 982 2271 aut
1006 2232 1235 2282 quondam
1260 2232 1525 2272 dividentur
1556 2232 1599 2271 in
1635 2231 1839 2272 conciliis
1869 2230 2162 2280 generalibus

390 2298 573 2339 futuris.
639 2300 824 2348 Eligant
859 2303 1014 2341 autem
1052 2303 1304 2343 secundum
1346 2303 1609 2343 iuramenta
1655 2304 1701 2342 et
1747 2303 1929 2341 statuta
1975 2301 2031 2340 ad
2074 2301 2160 2341 hoc

389 2381 469 2418 per
503 2382 695 2420 presens
731 2383 914 2412 sacrum
943 2373 1184 2413 concilium
1212 2374 1524 2423 preordinata.
1593 2373 1654 2412 Ex
1689 2373 1775 2412 hiis
1800 2373 1952 2411 autem
1980 2371 2159 2411 duobus

389 2440 550 2480 electis
585 2454 666 2491 pro
702 2444 811 2482 tunc
848 2455 967 2493 papa
1000 2444 1210 2483 existens
1246 2456 1346 2484 cum
1384 2444 1545 2484 maiori
1583 2445 1713 2494 parte
1738 2443 1806 2483 sui
1837 2442 1956 2481 sacri
1983 2442 2158 2490 collegii

388 2510 530 2560 eligat
563 2524 702 2551 unum
738 2513 780 2552 in
808 2513 955 2553 locum
983 2515 1300 2555 cardinalatus
1326 2515 1555 2564 vacantis,
1584 2516 1628 2554 et
1665 2514 1741 2553 fiet
1768 2514 1858 2553 ista
1893 2512 2063 2552 eleccio
2095 2513 2157 2552 in-

393 2580 464 2620 fra
499 2584 684 2631 tempus
718 2583 775 2623 ad
809 2584 894 2623 hoc
930 2587 1178 2625 statutum.
1244 2585 1372 2625 Alias
1406 2597 1525 2636 papa
1560 2597 1660 2625 cum
1696 2583 1859 2624 maiori
1882 2585 2014 2632 parte
2038 2584 2158 2623 sacri

389 2651 564 2701 collegii
601 2654 873 2703 providebit,
908 2655 944 2694 si
980 2655 1150 2705 indigni
1187 2656 1358 2696 fuerint
1390 2656 1539 2706 electi,
1573 2656 1703 2695 iuxta
1728 2655 1910 2694 statuta
1936 2652 2156 2702 predicta.

390 2721 445 2761 Et
479 2723 568 2763 iste
604 2724 769 2764 modus
804 2725 997 2773 eligendi
1033 2727 1298 2766 continetur
1340 2727 1486 2766 lacius
1528 2720 1678 2774 loco.‘¹)
1742 2724 1799 2764 Et
1843 2723 1908 2762 sic
1955 2734 2034 2772 per
2076 2723 2154 2763 Dei

386 2793 607 2843 graciam,
643 2795 826 2844 quando
861 2796 1061 2836 mundus
1103 2798 1232 2837 totus
1279 2797 1335 2837 ab
1382 2797 1570 2847 optimis
1616 2795 1805 2845 regitur,
1851 2793 2012 2832 melius
2061 2795 2152 2843 regi

386 2875 477 2904 non
512 2864 700 2913 indiget.
768 2866 820 2905 Et
858 2867 923 2906 sic
960 2879 1068 2906 vere
1108 2879 1299 2917 regnum
1334 2868 1417 2907 Dei
1464 2867 1591 2907 venit
1635 2867 1678 2905 in
1712 2864 1927 2904 mundum
1975 2866 2018 2902 et
2067 2865 2151 2905 erit

389 2935 608 2974 voluntas
642 2935 721 2975 Dei
758 2937 880 2977 sicut
915 2937 957 2976 in
992 2938 1089 2978 celo
1123 2940 1170 2978 et
1204 2938 1247 2977 in
1281 2940 1420 2978 terra.

504 3072 651 3103 n)l‹'1·l1l!
678 3073 723 3099 ΠΖ
774 3072 804 3103 b)
829 3073 874 3099 Iz'r
907 3072 1119 3098 cardinalatu
1142 3075 1172 3098 et
1206 3073 1246 3099 ad
1278 3073 1478 3099 electionem
1513 3080 1597 3105 pape
1630 3070 1863 3096 reconfirmare
1895 3071 1927 3094 ct
1962 3068 2150 3097 admito-w.

387 3122 416 3147 c)
446 3120 483 3145 Μ’
502 3121 650 3151 propter.
691 3119 723 3149 d)
744 3119 785 3143 So
808 3119 894 3145 hrirlv
918 3120 985 3145 llss«
