2178 3404
565 178 601 211 (¹.
655 178 724 211 Die
753 172 1082 219 Verhandlungen
1110 186 1183 208 von
1213 171 1444 217 Perpignan.
1800 165 1886 205 495

116 289 223 329 dum
258 287 592 337 applicuerunt7
637 288 683 326 ut
721 285 760 325 d.
793 285 1019 326 Julianus.
1061 285 1134 335 qui
1175 284 1308 324 vobis
1343 284 1545 324 scribere
1585 284 1756 326 debuit.
1796 297 1886 325 non

115 359 315 409 ignorat,
370 369 461 398 non
510 357 638 407 potui
693 356 800 396 illud
848 355 981 396 vobis
1030 356 1217 395 mittere
1274 367 1615 405 usquequaque.
1700 355 1887 405 Tamen,

115 428 455 479 quamprimum
490 427 681 478 possinn
716 427 887 467 habitis
922 426 1079 466 raubis
1114 426 1315 477 mittam,
1351 426 1467 466 sicut
1506 426 1685 477 scripsi.
1750 426 1804 467 Et
1850 428 1887 467 si

117 499 283 550 placet,
318 498 590 539 rescribatis
624 498 743 538 illico
777 510 859 548 per
892 497 1063 538 dictum
1100 497 1374 547 portitorem
1413 508 1492 547 per
1525 509 1798 548 expressum
1834 498 1889 538 de

117 569 344 619 omnibus⁷
379 580 466 619 que
499 568 695 618 fecistis
729 570 777 608 et
817 580 903 618 que
944 567 1003 607 ibi
1039 570 1286 608 occurrunt
1333 570 1420 607 etc.
1485 567 1585 608 Alia
1629 580 1718 608 non
1766 572 1889 620 sunt7

116 642 190 679 set
223 640 481 680 altissimus
515 639 595 679 Dei
630 638 750 679 filius
785 650 1011 689 personas
1046 640 1232 678 vestras
1269 638 1325 678 ad
1350 638 1552 687 regimen
1586 639 1886 679 ecclesiarum

116 722 305 750 suarum
361 721 643 751 conservare
697 709 912 759 dignetur
960 708 1157 749 feliciter
1205 711 1249 748 et
1301 709 1458 748 votive
1507 709 1548 749 in
1606 709 1889 759 longitudine

115 780 306 820 dierum.
370 780 532 821 Amen.
597 780 763 830 Script.
798 780 1079 820 festinanter
1114 780 1161 819 ΙΙ.
1183 779 1406 820 danum-ii.
1472 779 1705 821 Premissa
1737 782 1889 822 scribo

116 851 172 891 de
214 851 438 892 mandato
479 851 520 891 d.
554 863 596 891 n.
631 863 762 902 pape.
822 851 932 901 Vos7
979 851 1177 901 inquanr
1222 851 1265 890 in
1307 850 1498 900 agendis
1541 850 1722 891 facietis
1769 853 1887 893 sicut

115 921 240 962 Deus
274 921 560 962 ministrabit
593 922 741 973 vobis,
776 924 911 972 prout
947 921 1160 962 dominus
1194 923 1358 962 noster
1391 933 1482 962 non
1524 922 1675 962 minus
1710 928 1890 973 presto-

116 992 252 1043 latur,
287 1002 424 1043 quam
450 991 652 1034 confidit.
708 993 983 1033 Vestrarum
1019 992 1514 1032 reverendissimarum
1552 994 1888 1043 paternitatum

116 1062 236 1103 filius
270 1066 318 1103 et
352 1064 556 1104 servitor
588 1063 788 1104 humilis.
854 1063 899 1102 P.
936 1063 1154 1104 t'omollis
1189 1062 1504 1104 subdiaconus
1539 1064 1578 1103 d.
1613 1075 1654 1103 n.
1690 1077 1818 1115 pape.

235 1133 655 1174 Reverendissiinis
689 1135 732 1174 in
758 1134 943 1175 (bristo
978 1134 1190 1185 patribus
1214 1136 1258 1174 et
1291 1134 1490 1174 dominis
1525 1135 1640 1174 meis
1665 1134 1890 1176 Toletano

118 1205 165 1243 et
199 1204 612 1255 Cesaraugustano
648 1205 1011 1256 archiepiscopis
1045 1205 1244 1246 dominis
1278 1205 1688 1245 metuendissiinis.

117 1342 238 1397 (217)
276 1344 548 1399 Vorsclzlc'igsc
564 1346 648 1399 fiir
664 1345 888 1388 Renede'kt
903 1345 1035 1387 XIII.
1050 1362 1060 1387 .·
1076 1346 1203 1387 Nat-le
1225 1345 1578 1399 Annulliemmgy
1595 1347 1676 1388 der
1692 1346 1893 1390 Pisaner

264 1415 535 1458 Beschmgse
556 1430 696 1470 gycgsen
730 1418 805 1458 ileu
841 1419 926 1458 soll
958 1419 1107 1459 dieser
1139 1419 1311 1459 „vinem
1333 1416 1498 1459 Konze'l
1530 1417 1892 1461 ambe-eelersmkte

275 1486 579 1530 Vollmctchten
603 1488 739 1541 gyebeu
760 1489 861 1530 und
884 1489 1011 1529 (Imm
1032 1489 1125 1530 ilem
1151 1490 1275 1530 aeine
1292 1489 1472 1531 Zesse'on
1499 1487 1721 1530 anmeten.
1757 1489 1893 1533 (1416

264 1557 533 1613 Avfsmeqffl)

236 1628 344 1671 Rom,
376 1628 503 1664 Vatik.
529 1628 626 1662 Bibl.
658 1628 748 1662 Cod.
774 1630 868 1663 4904
891 1629 920 1672 f.
946 1630 1026 1663 295.

238 1701 379 1743 Pater
402 1702 714 1743 sanctissime.
762 1703 912 1744 Tanto
939 1703 1107 1744 cotidie
1132 1703 1361 1744 creaturis
1387 1705 1558 1745 vestris
1583 1705 1894 1746 cardinalibus

119 1773 269 1813 maior
291 1774 508 1814 indicitur
531 1774 764 1824 cogitandi
789 1775 1067 1825 necessitas,
1092 1777 1267 1825 quanto
1291 1775 1557 1816 evidencius
1580 1776 1732 1816 vident
1761 1777 1894 1818 deso-

119 1845 345 1885 lacionem
381 1845 575 1886 ecclesie
609 1847 653 1884 et
689 1846 962 1886 sanctitatis
997 1849 1154 1886 vestre
1194 1849 1291 1886 tam
1328 1846 1588 1896 spiritualia
1621 1859 1756 1898 (piam
1795 1861 1894 1888 cor-

120 1916 297 1967 poralia
331 1915 584 1957 manifesta
624 1917 840 1966 pericula.
897 1916 960 1975 ,Et
996 1916 1098 1957 ideo
1132 1917 1244 1966 ipsis
1284 1917 1462 1957 diucius
1498 1918 1814 1968 cogitantibus
1848 1923 1891 1959 et

121 1989 279 2028 vestre
304 1987 576 2028 sanctitatis
600 1999 798 2038 persone
822 1990 869 2028 et
892 1987 1015 2028 fame
1040 1988 1440 2038 compacientibus
1469 1990 1671 2029 occurrit
1697 1990 1892 2040 quedam

121 2058 316 2109 pratica‚
350 2070 430 2108 per
464 2059 593 2099 cuius
628 2058 981 2099 observanciam
1015 2061 1059 2099 et
1096 2062 1401 2101 sacrosancte
1425 2060 1621 2101 ecclesie
1646 2061 1897 2102 salubriter

122 2128 440 2178 providebitur
473 2132 519 2170 et
552 2132 714 2170 vestra
749 2130 1056 2181 consciencia9
1104 2130 1229 2171 falna
1264 2133 1310 2171 et
1345 2143 1545 2182 persona
1579 2132 1706 2172 illese
1741 2133 1895 2174 divina

120 2199 280 2249 gracia
313 2200 639 2241 servabuntur.

240 2270 425 2311 Pratica
441 2273 597 2312 autem
615 2271 748 2312 salva
766 2271 973 2312 eiusdem
994 2272 1264 2313 sanctitatis
1284 2272 1678 2314 determinacione
1697 2276 1767 2314 est
1789 2274 1895 2314 hec:

240 2340 371 2391 Quod
405 2342 637 2382 sanctitas
672 2345 834 2382 vestra
869 2354 949 2393 per
983 2342 1151 2383 bullam
1194 2355 1326 2383 suam
1373 2343 1579 2384 notificet
1616 2344 1802 2393 regibus
1849 2347 1893 2384 et

122 2411 402 2461 principibus
433 2414 481 2451 et
504 2412 605 2452 aliis
631 2424 713 2453 sue
738 2412 1016 2454 obediencie.
1051 2413 1106 2453 de
1131 2413 1294 2463 quibus
1320 2413 1564 2464 videbitur,
1590 2414 1711 2465 quod
1735 2414 1895 2455 habita

122 2481 442 2522 declaracione
465 2482 694 2522 nullitatis
719 2495 942 2532 procesus
968 2483 1121 2523 Pisani
1157 2484 1410 2524 secundum
1437 2484 1645 2526 cedulam
1670 2486 1893 2527 traditam

124 2563 204 2601 per
245 2551 511 2601 episcopum
559 2550 1013 2601 Za11101'enselll²)et
1061 2552 1190 2594 facta
1237 2554 1529 2604 professione
1575 2568 1657 2596 sue
1703 2555 1806 2596 fidei
1853 2557 1896 2597 in

123 2622 365 2672 presencia
398 2622 469 2662 sui
503 2623 624 2663 sacri
659 2624 852 2674 concilii7
897 2624 1017 2674 quod
1058 2625 1314 2675 continuat,
1358 2625 1431 2666 ubi
1468 2629 1629 2666 vestra
1664 2627 1896 2667 sanctitas

124 2691 297 2732 residet
332 2695 377 2732 et
414 2692 470 2732 ad
506 2693 626 2743 quod
662 2693 828 2744 prelati
862 2695 1045 2735 venturi
1089 2698 1212 2745 sunt,
1257 2696 1343 2736 nisi
1379 2709 1459 2746 per
1493 2697 1728 2747 predictos
1763 2709 1897 2748 reges

123 2765 170 2802 et
215 2763 444 2813 principes
492 2764 801 2814 inpediantul:
847 2765 1044 2805 intendit
1090 2766 1252 2806 eadem
1299 2767 1531 2807 sanctitas
1583 2768 1707 2808 dicto
1760 2780 1916 2809 sacro

125 2833 317 2874 concilio
343 2834 596 2875 concedere
627 2837 913 2885 potestatem
949 2836 1049 2876 iura
1073 2837 1276 2886 positiva
1310 2838 1637 2889 suspendendi,
1672 2850 1897 2888 procesus

245 2959 269 3003 ¹)
298 2960 402 2995 Nach
441 2961 509 2995 der
535 2960 656 2999 Stella,
684 2962 763 3004 (Ιαβ
791 2963 850 2995 die
878 2962 1066 2996 Priilaten
1094 2973 1179 2996 &une
1208 2963 1350 2997 Komai!
1376 2964 1583 2997 Reneailsts
1608 2965 1674 3005 (im
1704 2964 1894 2997 Febrnavr)

124 3017 311 3052 hominen.
340 3019 413 3051 nisi
441 3030 510 3061 per
536 3020 733 3061 predictos
766 3031 876 3063 reges
906 3023 941 3053 et
969 3021 1165 3062 principes
1192 3021 1468 3063 impediantur,
1497 3023 1587 3061 ιηηβ
1615 3034 1706 3055 imm
1746 3034 1797 3055 (m
1836 3024 1897 3055 dic

125 3077 203 3111 Zee't
222 3078 287 3111 des
305 3078 484 3112 Bruches.
514 3079 603 3112 aber
623 3079 803 3113 rsellcicht
825 3091 890 3113 ror
909 3082 976 3113 der
994 3079 1243 3114 Subtraklion
1272 3081 1431 3115 denhem.
1460 3100 1500 3103 —
1530 3082 1557 3124 ²)
1584 3081 1653 3114 Am
1674 3084 1707 3114 3.
1729 3082 1892 3115 Ohtobetz
