2178 3404
286 163 372 206 408
642 172 702 205 III.
731 170 950 203 Absclmitt.
1002 169 1191 202 Benedikt
1220 169 1317 203 XIII.
1346 169 1422 203 und
1452 169 1522 202 das
1549 169 1697 202 Konzil.

286 283 409 333 talis,
445 294 524 332 per
558 292 690 331 quem
722 279 961 319 ‚Iohannes
996 280 1242 328 caperetur
1277 280 1358 318 aut
1391 278 1712 329 expelleretur,
1746 279 1909 329 quibus
1941 280 2058 320 casi-

287 353 371 393 bus
406 355 449 392 et
486 352 587 392 aliis
622 350 862 397 similibus.
897 349 935 389 si
970 348 1183 389 videatur
1216 348 1302 398 ipsi
1335 349 1555 399 episcopo
1581 349 1843 400 expediens,
1866 350 2058 400 promit-

285 424 414 463 tatur
447 422 516 462 vel
553 421 688 461 detur
722 419 893 470 aliquid
928 419 1311 459 concludentibus
1348 419 1474 470 talia,
1508 419 1733 470 inspectis
1768 420 1972 461 utilitate
2011 423 2055 461 et

284 492 550 534 honoribus.
586 492 659 542 qui
694 503 749 531 ex
784 490 955 531 talibus
991 489 1275 531 tractatibus
1309 489 1618 530 resultabunt.

402 564 609 613 suntque
645 561 917 603 consolandi
951 563 998 601 et
1033 560 1327 601 confortandi
1362 561 1599 611 prefectus
1633 558 1830 612 Rome,¹)
1865 562 1938 612 qui
1984 564 2059 602 est

282 635 325 674 in
361 634 554 674 civitate
588 632 759 683 Veteri,
806 634 852 672 et
887 632 961 672 alii
996 632 1253 672 servitmes
1288 633 1336 671 et
1368 631 1525 672 devoti
1560 632 1746 672 domino
1780 634 1960 683 nostro,
2007 635 2059 673 ut

282 705 556 755 capitaneus
581 704 635 743 de
660 703 856 744 Soriano
885 704 932 743 et
967 702 1041 743 alii
1075 702 1264 753 similes,
1293 702 1500 753 dicendO,
1535 702 1766 753 quomodo
1797 705 1906 753 post
1929 704 2056 744 tran-

281 777 420 817 situm
457 776 498 816 d.
548 774 741 815 infantis
785 773 1013 814 ,Iohannis
1059 773 1104 813 in
1152 784 1346 823 regnum
1389 773 1746 823 Neapolitanum
1794 773 1968 814 transit
2012 774 2057 814 in

281 847 482 888 Siciliam
517 845 731 886 dominus
765 846 931 885 noster
963 846 1010 884 et
1043 844 1087 884 in
1122 844 1219 884 eius
1256 844 1501 884 comittiva
1540 856 1660 884 unus
1707 844 1761 884 de
1809 844 1909 885 aliis
1952 844 2056 886 filiis

279 918 319 958 (1.
354 917 477 967 regis
513 916 781 966 Aragonum
818 927 921 956 cuin
956 926 1126 965 magno
1161 915 1301 954 navili
1335 914 1544 955 exercitu
1568 916 1615 954 et
1646 916 1769 965 post,
1794 915 1833 954 si
1857 915 2056 956 materia

280 988 569 1038 disponatur,
606 986 856 1037 applicabit
889 985 1101 1037 Romam,
1136 987 1182 1026 et
1216 985 1254 1025 si
1288 985 1384 1026 Deo
1420 985 1659 1036 placuerit,
1702 985 1823 1035 quod
1857 986 2056 1027 materia

279 1059 568 1109 disponatur,
603 1057 797 1098 intrabit
830 1058 871 1096 in
908 1069 976 1107 ea,
1011 1056 1085 1097 ubi
1121 1068 1225 1097 cum
1249 1056 1397 1107 gloria
1421 1056 1505 1096 sub
1531 1056 1675 1107 clipeo
1699 1055 1803 1096 fidei
1828 1056 2056 1098 catholice

278 1130 376 1170 dies
411 1142 523 1169 suos
558 1128 687 1168 finire
722 1127 970 1168 desiderat.

396 1199 571 1250 Estque
605 1199 805 1239 finaliter
838 1199 1039 1239 intencio
1075 1198 1246 1239 domini
1293 1197 1457 1248 nostri,
1498 1198 1619 1249 quod
1664 1198 1762 1248 ipse
1808 1198 2055 1249 episcopus

277 1270 472 1313 laboret.
513 1272 737 1320 quantum
789 1269 873 1309 sibi
921 1269 977 1309 ab
1025 1270 1120 1309 alto
1168 1269 1483 1320 permittatur,
1530 1269 1750 1310 reducere
1796 1271 1962 1320 gentes
2008 1271 2056 1310 et

277 1343 430 1381 terras
455 1340 649 1381 ecclesie
671 1340 728 1380 ad
753 1340 1070 1381 obedienciam
1096 1340 1267 1380 domini
1292 1340 1456 1391 nostri,
1481 1339 1633 1380 dando
1658 1340 1916 1390 intelligere
1940 1340 2055 1381 deti-

276 1412 493 1452 nentibus
530 1414 682 1451 terras
707 1411 849 1461 ipsas,
884 1411 1116 1461 quomodo
1141 1411 1355 1451 dominus
1380 1412 1543 1451 noster
1565 1422 1657 1451 non
1681 1413 1755 1451 est
1777 1411 2054 1452 intencionis

277 1482 409 1522 alicui
445 1482 572 1532 ipsas
608 1484 760 1523 terras
796 1482 1088 1532 submittere,
1134 1482 1221 1522 nisi
1268 1482 1462 1523 ecclesie
1497 1484 1544 1522 et
1578 1482 1789 1524 Romano
1834 1482 2053 1534 pontifici.

275 1552 375 1593 Non
426 1554 584 1593 tamen
622 1556 812 1604 propter
860 1553 947 1593 hoc
997 1552 1246 1603 denegabit
1295 1552 1449 1593 facere
1498 1553 1553 1593 de
1599 1553 1846 1595 usufructu
1892 1566 2053 1594 earum

274 1623 460 1673 gracias
490 1624 529 1663 ei
565 1624 750 1665 devotis
775 1636 959 1673 semper
983 1624 1272 1674 proprietate
1302 1623 1586 1664 maioritatis
1612 1623 1824 1665 Romano
1849 1624 2054 1676 pontifici

274 1697 532 1735 reservata.

395 1765 527 1816 Apud
562 1765 829 1807 Valenciam
857 1765 1042 1806 domino
1067 1767 1232 1806 nostro
1258 1766 1492 1806 existente
1517 1768 1817 1806 recesserunt
1842 1766 2052 1817 prefatus

275 1837 315 1876 d.
352 1834 574 1877 Oscensis
608 1839 655 1877 et
689 1837 729 1876 d.
765 1836 947 1883 Alfus²¹)
980 1836 1034 1876 de
1071 1836 1270 1876 l'roxida
1305 1849 1405 1877 cum
1443 1836 1622 1877 duabus
1657 1837 1802 1887 galeis
1836 1837 1907 1878 die
1947 1837 2052 1878 sab-

277 1908 370 1947 bati
391 1907 549 1948 XXVI.
575 1908 749 1948 mensis
767 1908 977 1948 ,Ianuarii
1003 1908 1108 1947 anni
1128 1907 1310 1948 Domini
1330 1907 1609 1948 MCCCCXV
1628 1910 1678 1948 ut
1703 1908 2052 1949 ambaxiatores

275 1980 363 2019 etc.
400 1979 767 2019 transfretantes
802 1980 845 2018 in
880 1979 1119 2029 Neapolim
1154 1982 1242 2019 etc.

273 2120 393 2167 ‹165›
423 2120 703 2161 Instruit-tion
750 2119 997 2160 Renede'lfts
1029 2119 1162 2160 XIII.
1206 2120 1289 2172 fiir
1333 2120 1610 2161 (im‘llvlmns
1653 2119 1913 2162 Ceo-bonelli·
1953 2121 2053 2161 med

424 2190 587 2231 Peri-ns
618 2190 841 2243 Ilae‘gqacol:
872 2189 1188 2243 Iie-scleaffmegs
1224 2203 1302 2231 (³012
1340 2190 1563 2231 Galrmn
1598 2192 1642 2231 in
1676 2190 1935 2232 Rarccloim
1969 2192 2053 2244 fiir

421 2262 495 2301 die
527 2254 767 2314 [Viva-sales(
802 2261 917 2302 nach
946 2260 1146 2301 &tzaion
1203 2263 1338 2311 (1415
1359 2261 1552 2303 eluimur
1575 2262 1704 2303 Enclc
1727 2285 1781 2287 Α
1805 2261 1939 2303 Μάγνε
1970 2261 2049 2313 15).

392 2343 498 2376 Hom.
532 2342 656 2376 Vatik:
686 2342 837 2375 Archiv.
866 2342 952 2384 Ray.
982 2342 1073 2375 Bon.
1102 2342 1213 2376 XIII.
1264 2344 1335 2376 3:2¹2
1358 2344 1387 2386 f.
1414 2344 1460 2375 43
1485 2344 1511 2386 f.

395 2416 731 2456 lnstructiones
767 2416 874 2455 date
909 2428 965 2455 ex
999 2417 1131 2466 parte
1166 2416 1206 2455 d.
1238 2428 1279 2455 n.
1316 2428 1432 2466 pape
1456 2416 1496 2455 d.
1522 2415 1762 2457 Guillelmo
1792 2415 2049 2456 Carbonelli

273 2490 315 2526 et
346 2487 483 2527 Petro
511 2486 710 2537 Hegacol
738 2488 785 2526 et
819 2486 1005 2527 cuilibet
1029 2499 1187 2527 eorum
1214 2499 1354 2537 super
1377 2487 1522 2537 galeis
1546 2487 1770 2528 habendis
1795 2489 1842 2527 et
1866 2499 2049 2527 arman-

274 2558 343 2597 dis
378 2558 420 2597 in
456 2558 648 2598 civitate
687 2557 1047 2598 Barchinonensi
1092 2570 1173 2607 pro
1214 2558 1412 2599 servicio
1459 2558 1569 2598 dicti
1603 2558 1643 2597 d.
1678 2570 1720 2598 n.
1756 2570 1885 2609 pape,
1932 2569 2048 2608 quas

273 2628 369 2667 vult
408 2628 523 2668 idem
560 2628 774 2668 dominus
816 2630 980 2669 noster
1021 2640 1127 2670 esse
1172 2632 1365 2679 paratas
1400 2631 1447 2669 et
1481 2632 1692 2670 armatas
1737 2629 1832 2669 XV.
1878 2629 1945 2669 vel
1991 2629 2048 2669 ad

274 2698 454 2748 longius
503 2699 664 2739 ultima
711 2699 781 2739 die
828 2699 983 2739 Marcii
1031 2700 1240 2750 proxime
1287 2700 1479 2740 instanti
1526 2700 1624 2740 sine
1675 2700 1763 2741 alia
1808 2700 2047 2740 dilacione.

393 2769 544 2810 l'rimo
592 2770 757 2819 prefati
793 2769 1061 2811 Guillelmus
1107 2772 1154 2810 et
1203 2770 1367 2811 l'etrus
1414 2771 1661 2821 loquentur
1705 2771 1760 2811 de
1806 2770 2047 2822 premissis

275 2852 375 2880 cum
414 2840 583 2880 abbate
620 2838 1017 2891 illontisserratif)
1051 2843 1099 2881 et
1132 2841 1244 2881 data
1278 2842 1364 2882 sibi
1400 2842 1638 2883 credencie
1662 2843 1821 2883 littera
1844 2842 2046 2892 datoque

391 2953 422 2986 a)
443 2951 485 2980 So
510 2952 582 2987 my.
605 2953 680 2980 slat!
703 2952 807 2979 Olfus.

393 3013 418 3057 ¹)
445 3014 644 3048 Jolmnnes
671 3016 717 3049 dc
750 3016 845 3049 Vico.

391 3072 417 3115 Δ3)
453 3074 528 3117 l'gsl.
558 3074 645 3107 siber
672 3075 797 3107 dire-en
828 3076 889 3107 die
924 3076 1245 3119 i'erlmmllnnfflm
1278 3087 1347 3110 voit
1381 3078 1615 3122 J'erpiqmcw.
