2178 3404
512 170 549 207 (f.
602 172 671 206 Die
701 170 1029 213 Verhandlungen
1058 183 1131 205 von
1162 169 1393 216 Perpignan.
1749 162 1831 206 481

63 284 214 325 fienda
246 286 356 325 tunc
391 295 529 334 super
552 284 718 323 unione
752 283 947 324 ecclesie
980 295 1126 334 usque
1155 283 1211 324 ad
1245 282 1455 323 ultimam
1480 282 1833 333 responsionem

64 354 240 396 factam
284 366 366 406 per
411 354 515 394 olim
560 353 856 394 Benedictum
901 354 958 394 ad
990 354 1201 394 ultimam
1237 353 1592 404 requisicionem
1627 352 1833 393 oblatam

63 426 108 466 in
157 424 401 466 Paniscola
450 436 531 475 per
584 424 755 465 dictum
808 425 847 464 d.
897 436 1054 475 regem
1105 424 1441 465 Ferdinandum
1494 423 1677 474 prefato
1727 423 1833 464 olim

64 496 315 537 Benedicto
350 507 489 546 super
522 495 596 535 via
630 495 1000 535 renunciacionis
1035 495 1133 535 eius
1168 494 1292 543 etc.³)

183 589 295 631 Cum
321 589 621 630 sanctissimo
645 590 688 629 in
725 588 878 630 Cristo
902 590 1022 640 patri
1052 592 1100 630 et
1123 590 1309 630 domino
1332 592 1496 630 nostro
1520 589 1561 630 d.
1586 588 1837 630 Benedicto

64 662 220 702 divina
242 660 538 712 providencia
563 672 679 711 pape
706 660 820 701 XIII.
847 673 899 701 ac
925 661 1226 702 serenissimo
1251 660 1441 711 principi
1467 660 1507 701 d.
1534 660 1837 711 Ferdinando,

65 733 159 783 regi
186 732 469 783 Aragonum,
503 743 558 772 ex
594 733 726 781 parte
762 731 1047 772 serenissimi
1081 731 1300 782 principis
1335 731 1376 771 d.
1402 731 1682 781 Sigismundi
1715 731 1838 780 regis

66 803 382 844 Romanorum
419 796 674 853 pretensih)
708 814 788 852 per
820 802 1021 842 medium
1065 801 1344 842 venerabilis
1388 802 1471 841 viri
1515 800 1738 842 Ottoboni
1783 802 1838 841 de

65 874 266 915 Bellonis
300 873 542 924 utriusque
575 873 688 914 iuris
722 873 945 925 doctoris,
980 872 1224 914 familiaris
1270 875 1317 913 et
1350 873 1503 914 nuncii
1550 873 1634 924 sui,
1681 875 1839 914 motus

65 944 206 986 fuerit
238 945 490 995 tractatus,
534 946 584 985 ut
618 944 754 984 simul
797 956 958 985 omnes
993 944 1036 984 in
1078 944 1229 995 aliquo
1273 944 1375 984 loco
1410 955 1549 994 super
1590 943 1841 985 tractanda

65 1018 113 1056 et
146 1015 438 1066 procuranda
471 1015 638 1055 unione
673 1016 837 1055 sancte
871 1015 1038 1055 matris
1062 1014 1258 1055 ecclesie
1289 1014 1601 1065 personaliter
1624 1014 1839 1055 conveni-

64 1088 183 1139 rent,
215 1086 350 1126 iidem
385 1086 426 1126 d.
459 1097 500 1125 n.
537 1097 654 1136 papa
687 1087 733 1126 et
767 1097 847 1125 rex
882 1084 1152 1136 Aragonum
1196 1085 1425 1125 miserunt
1467 1097 1579 1126 suos
1623 1085 1840 1125 solennes

64 1156 259 1198 nuncios
293 1156 351 1197 ad
384 1156 558 1197 dictum
594 1158 862 1207 pretensum
898 1168 1054 1206 regem
1090 1156 1421 1207 Romanorum,
1456 1156 1530 1206 qui
1564 1155 1609 1196 in
1650 1156 1841 1196 civitate

68 1227 423 1269 Constanciensi
467 1239 570 1268 cum
614 1227 774 1267 eodem
820 1229 1039 1277 pretenso
1082 1238 1191 1277 rege
1226 1226 1542 1267 Romanorum
1590 1226 1844 1267 solenniter

68 1296 460 1349 concordaruntf)
493 1298 614 1349 quod
638 1298 739 1349 ipse
763 1298 807 1338 in
842 1298 1034 1339 civitate
1059 1298 1184 1338 Nicie
1208 1299 1255 1338 et
1277 1297 1413 1338 iidem
1441 1297 1656 1338 dominus
1679 1299 1844 1338 noster

67 1372 115 1410 et
148 1381 228 1410 rex
262 1369 533 1419 Aragonum
573 1369 617 1408 in
661 1369 769 1409 villa
809 1368 1020 1409 Francha
1055 1368 1171 1409 alias
1207 1368 1439 1409 Portolius
1480 1379 1623 1418 prope
1666 1368 1841 1408 Niciam

68 1452 148 1492 per
194 1442 346 1481 totum
392 1451 600 1480 mensem
651 1439 775 1479 Junii
822 1451 942 1480 anno
985 1439 1167 1479 Domini
1212 1438 1491 1480 MCCCCXV
1534 1439 1845 1489 personaliter

68 1512 366 1552 interessent.
402 1510 489 1550 Pro
515 1522 709 1561 quorum
735 1511 1015 1551 execucione
1040 1522 1142 1551 cum
1168 1510 1286 1551 idem
1312 1510 1352 1550 d.
1372 1522 1414 1550 11.
1435 1504 1591 1560 ρ111)11“)
1613 1509 1845 1550 distancia

70 1582 278 1623 locorum
299 1594 325 1623 a
349 1594 435 1622 sua
454 1582 723 1622 obediencia
743 1594 795 1622 ac
815 1582 1127 1632 disposicione
1152 1583 1337 1622 attenta
1360 1581 1404 1621 in
1423 1580 1583 1631 galeis,
1608 1592 1844 1621 armorum

68 1652 285 1703 gentibus
328 1654 376 1693 et
418 1652 519 1693 aliis
552 1652 887 1703 preparatoriis
930 1662 1127 1703 magnas
1171 1664 1381 1692 summas
1423 1652 1721 1702 pecuniarum
1769 1663 1846 1691 ex-

72 1723 323 1774 posuisset,
357 1724 576 1764 monente
601 1722 725 1763 dicto
760 1734 867 1773 rege
902 1723 1216 1764 Romanorum
1253 1734 1334 1774 per
1367 1722 1540 1763 dictum
1570 1734 1702 1763 suum
1733 1734 1846 1762 nun-

73 1795 191 1835 cium
228 1792 514 1835 Ottobonum
555 1796 746 1844 propter
780 1793 865 1834 hoc
902 1794 1099 1834 missum
1144 1794 1201 1834 ad
1235 1793 1276 1833 d.
1311 1805 1353 1833 n.
1389 1802 1555 1844 papam
1600 1794 1648 1833 et
1689 1804 1845 1843 regem

72 1864 341 1914 Aragonum
376 1864 612 1915 predictos
647 1866 756 1904 tunc
792 1864 1009 1905 Valencie
1055 1864 1315 1905 residentes
1362 1863 1451 1904 fuit
1496 1863 1847 1925 concordatum,

72 1935 193 1987 quod
226 1947 309 1986 per
350 1936 503 1976 totum
546 1946 753 1975 mensem
799 1935 905 1976 ‚iulii
950 1936 1158 1986 proxime
1204 1935 1321 1986 lapsi
1356 1935 1396 1975 d.
1431 1947 1473 1974 n.
1509 1946 1628 1985 papa
1673 1936 1721 1974 et
1766 1946 1847 1974 rex

71 2006 341 2056 Aragonum
376 2005 635 2056 Perpiniani
669 2008 714 2046 et
751 2005 903 2046 dietus
938 2018 1019 2046 rex
1044 2006 1361 2047 Romanorum
1386 2005 1602 2046 Narbone
1625 2014 1847 2056 persona-

72 2077 176 2117 liter
207 2077 506 2127 interessent,
541 2078 733 2127 propter
774 2076 940 2128 (1110119)
972 2077 1178 2128 predicte
1221 2088 1424 2127 expense
1467 2076 1615 2116 eidem
1661 2076 1847 2117 domino

70 2149 236 2189 nostro
270 2148 402 2198 quasi
435 2147 622 2188 inutiles
656 2150 704 2187 et
736 2147 1028 2188 infructuose
1051 2147 1253 2188 fuerunt.
1316 2146 1490 2187 Deinde
1514 2147 1632 2187 idem
1649 2141 1676 2198 f)
1704 2146 1848 2187 domi-

71 2230 158 2259 nus
205 2220 369 2258 noster
414 2231 440 2259 a
474 2218 696 2259 Valencia
737 2219 827 2259 iter
870 2219 1096 2269 arripiens
1131 2218 1456 2269 Perpinianum
1501 2216 1763 2268 applicuitg)
1804 2218 1848 2257 in

71 2289 271 2329 termino
306 2289 606 2339 concordam,
640 2289 680 2329 d.
715 2300 823 2339 rege
848 2289 1118 2339 Aragonum
1145 2290 1336 2340 propter
1369 2300 1501 2328 suam
1526 2287 1846 2328 infirmitatem

71 2370 163 2400 non
195 2359 381 2400 valente
414 2358 536 2399 infra
569 2359 743 2400 dictum
779 2359 1027 2399 terminum
1062 2358 1120 2398 ibi
1156 2370 1274 2398 esse.
1340 2357 1543 2398 Tandem
1580 2357 1733 2398 dictus
1767 2369 1847 2397 rex

75 2428 391 2470 Romanorum
425 2429 520 2470 XV.
553 2430 754 2480 Augusti
790 2430 1005 2470 Narbone
1039 2432 1085 2469 et
1109 2430 1262 2469 dictus
1288 2440 1366 2469 rex
1392 2428 1661 2478 Aragonum
1687 2428 1849 2468 ultima

73 2499 279 2539 eiusdem
323 2500 497 2540 mensis
532 2500 791 2550 Perpiniani
826 2499 1028 2551 suerunt,
1071 2499 1145 2540 ubi
1188 2502 1285 2540 tum
1327 2501 1517 2550 propter
1556 2500 1848 2539 senectutem
1889 2483 1900 2490 “

75 2569 185 2609 dicti
219 2569 259 2609 d.
293 2581 335 2609 n.
370 2582 500 2621 pape,
534 2573 633 2610 tum
668 2573 859 2621 propter
891 2570 1208 2610 infirmitatem
1244 2570 1390 2621 ipsius
1414 2568 1538 2618 regis
1562 2568 1848 2620 Aragonum,

74 2638 196 2689 quod
229 2639 355 2680 dicta
396 2641 558 2680 mutua
602 2640 718 2680 visio
762 2640 895 2680 fieret
929 2640 1202 2691 Perpiniani,
1250 2640 1446 2680 invicem
1492 2639 1849 2680 concordarunt.

74 2709 247 2750 Deinde
282 2722 391 2751 vero
416 2710 567 2751 dictus
597 2722 677 2750 rex
704 2711 1018 2751 Romanorum
1044 2723 1243 2751 unacum
1268 2711 1543 2761 quibusdam
1569 2710 1801 2761 pretensis
1817 2704 1852 2760 ¹¹)

74 2780 254 2821 nunciis
285 2781 683 2833 congregacionis,
717 2793 803 2832 que
835 2793 955 2822 nunc
988 2784 1063 2821 est
1087 2780 1368 2822 Constancie
1400 2781 1636 2832 provincie
1661 2781 1850 2831 Magun-

194 2940 226 2974 a)
246 2939 339 2967 Diese
361 2940 552 2975 Einleitzmy
576 2941 658 2976 fehlt
680 2940 709 2969 C.
760 2940 794 2975 b)
814 2941 842 2968 B
869 2941 1019 2974 pretensi
1048 2940 1245 2976 reyelmcclsiy
1273 2949 1325 2967 am
1347 2941 1445 2968 Hand
1469 2941 1545 2967 oder
1568 2940 1849 2975 iiberqesehriebon

76 2985 294 3014 ansa-heinend
323 2995 385 3014 ‘von
405 2988 463 3016 der
482 2988 584 3015 Hand
604 2988 662 3016 der
693 2987 824 3022 iibriyen
846 2988 1080 3016 Korrekturen.
1114 2987 1191 3014 aber
1210 2988 1268 3014 mit
1291 2988 1432 3014 ‹oulen-er
1455 2988 1560 3021 Tinte;
1592 2988 1673 3022 fehlt
1699 2987 1726 3015 C.
1779 2990 1807 3020 c)
1831 2987 1854 3014 G

77 3033 265 3060 solenniter
291 3035 541 3062 concordarunt
568 3043 623 3062 am
646 3034 772 3069 15¹0thss
796 3035 850 3063 des
871 3034 987 3063 Sutzes.
1039 3035 1071 3068 11)
1098 3035 1189 3068 Papa
1216 3034 1297 3069 fehlt
1321 3034 1350 3063 C.
1406 3038 1435 3068 e)
1457 3034 1552 3061 Fehlt
1573 3035 1607 3061 Β.
1660 3034 1686 3068 f)
1707 3034 1801 3062 fehlt
1823 3034 1851 3062 C.

78 3081 110 3114 g)
132 3079 155 3107 C
173 3080 237 3107 fuit
259 3081 462 3115 Perpiniani.
499 3082 533 3117 h)
554 3082 595 3110 So
619 3084 645 3110 Β
665 3083 735 3109 und
757 3082 786 3109 O.

151 3149 172 3175 F
186 3149 194 3175 i
208 3158 227 3176 n
240 3150 260 3176 k
273 3158 290 3177 e
332 3151 416 3178 Acta
441 3152 573 3178 concilii
596 3152 874 3179 Constanciensis
896 3152 949 3178 111.
1583 3132 1635 3172 31
