2178 3404
91 177 126 208 E.
178 175 366 209 Beuedikt
390 175 486 207 XIII.
516 186 548 207 u.
577 175 610 207 d.
638 175 771 206 Konzil
803 185 833 206 v.
863 174 895 206 (1.
923 173 1174 206 Subtraktion
1205 173 1262 205 liis
1292 183 1320 204 z.
1341 172 1455 206 Wahl
1487 172 1649 204 Martius
1674 172 1714 204 V.
1774 165 1851 203 551

88 284 147 324 tis
182 284 266 324 sub
301 296 385 324 suo
420 283 621 324 dominio
658 280 981 330 constitutis.¹)
1045 282 1104 322 lbi
1141 282 1258 322 enim
1300 281 1506 321 breviter
1538 281 1859 331 veraciterque

87 355 287 405 reperies
322 354 658 394 subtractionis
694 365 883 393 causam
922 386 929 393 .

84 492 205 545 (239)
236 493 287 535 K.
324 493 490 547 Alfons
521 507 582 535 aie
619 495 692 535 div
724 492 991 534 lsai-dimus»
1026 494 1069 533 ln
1108 492 1373 534 Pvfaec'scola:
1421 486 1747 545 s‘pmssendmigy
1779 494 1861 534 der

233 563 518 606 Konstauzei·
545 564 993 617 Kouzllsm'uladam]
1026 564 1125 604 med
1158 564 1239 604 der
1264 563 1581 615 levitshre'r’fc.
1628 562 1860 616 Driugsen-

233 637 312 677 cles·
337 635 583 679 Eis-uellem]
618 649 701 675 :m-
731 635 1005 676 bvsllmmlmt
1032 633 1124 675 Zee'l
1160 636 1203 675 in
1233 633 1466 675 Konstau:
1494 647 1548 675 :u
1581 635 1857 675 ersclcec'ieme.

231 706 466 759 Ifflmlada
509 708 622 747 1416
654 705 791 758 April
823 707 860 746 6.

202 774 432 816 Barcelona,
469 775 728 809 Kronarchir.
766 775 852 816 ΒΘΗ.
889 775 983 807 2442
1016 774 1044 816 f.
1071 776 1161 807 58¹2
1215 774 1322 808 Rom.
1365 774 1449 807 l'at.
1477 774 1585 807 Rem..
1626 774 1713 809 eod.
1742 775 1857 809 Bscrh.

86 834 183 867 XVI
207 834 295 877 781⁶.
326 834 416 867 730.

203 906 487 947 Reverendis
530 908 575 947 in
619 906 804 948 Christo
847 906 1059 957 patribus
1103 906 1300 947 dominis
1345 918 1380 945 s.
1415 906 1623 947 Romane
1663 907 1859 947 ecclesie

89 977 401 1019 cardinalibus
426 978 587 1018 amicis
614 979 792 1018 nostris
822 977 1079 1018 carissimis
1104 977 1327 1018 Alfonsus
1352 977 1433 1017 Dei
1457 978 1615 1027 gracia
1640 990 1719 1018 rex
1746 977 1859 1018 Ara-

86 1060 272 1099 gonum,
317 1047 466 1089 Sicilie
500 1050 588 1089 etc.
624 1049 825 1089 salutem
862 1081 868 1087 .
906 1080 912 1087 .
950 1081 957 1088 .
994 1049 1108 1098 Quia
1143 1048 1187 1088 in
1222 1048 1472 1088 concordia
1506 1048 1626 1088 inter
1661 1050 1859 1089 serenis-

86 1119 253 1159 simum
280 1118 595 1159 Romanorum
630 1131 802 1170 regem,
838 1119 1221 1169 congregacionis
1248 1119 1527 1159 ‹fionstancie
1557 1119 1859 1170 diversosque

84 1201 243 1240 regmn
279 1191 324 1230 et
368 1189 623 1240 principum
660 1190 1019 1230 christianitatis
1066 1189 1414 1230 ambaxiatores
1454 1190 1719 1241 multosque
1759 1203 1859 1241 pre-

85 1259 206 1300 latos
241 1260 616 1301 obedienciarum
651 1263 927 1301 vocatorum
964 1261 1070 1300 olim
1096 1260 1305 1310 Gregorii
1340 1262 1383 1300 et
1421 1260 1525 1301 olim
1550 1260 1778 1301 ‚Iohannis
1803 1274 1858 1301 ex

85 1342 176 1371 una
197 1332 332 1381 parte
365 1333 411 1371 et
436 1342 570 1381 reges
603 1343 690 1371 nos
715 1343 769 1372 ac
794 1332 1024 1382 principes
1060 1343 1141 1371 seu
1175 1342 1335 1371 eorum
1370 1330 1718 1372 ambaxiatores
1753 1332 1858 1373 obe—

85 1401 260 1442 diencie
302 1402 342 1442 d.
378 1402 612 1443 Benedicti
657 1415 712 1442 ex
748 1402 896 1443 altera
938 1403 981 1442 in
1025 1404 1070 1442 et
1115 1414 1254 1452 super
1288 1401 1427 1443 factis
1472 1402 1654 1443 unionis
1695 1406 1858 1444 sancte

85 1472 251 1513 matris
275 1473 470 1514 ecclesie
494 1474 539 1513 et
565 1473 771 1513 sedando
795 1473 1059 1514 inveterato
1084 1474 1267 1524 iamque
1290 1473 1594 1513 inarcessibili
1621 1474 1858 1520 scismate,

86 1543 339 1584 auxiliante
374 1544 566 1594 spiritus
603 1544 753 1584 sancti
788 1545 961 1594 gracia.
996 1546 1101 1594 post
1138 1544 1313 1584 multos
1349 1544 1532 1584 labores
1568 1544 1695 1585 inita.
1731 1545 1858 1586 facta

86 1613 262 1664 pariter
294 1616 341 1654 et
364 1614 553 1655 firmata
586 1615 707 1655 inter
731 1615 819 1655 alia
855 1619 925 1655 est
954 1616 1208 1665 provisum,
1244 1615 1364 1665 quod
1399 1627 1479 1665 per
1503 1615 1716 1656 dominos
1752 1628 1858 1656 con-

85 1685 379 1735 gregacionis
402 1686 446 1725 in
472 1684 754 1727 Constancia
780 1689 1001 1736 tanquam
1029 1686 1252 1727 maiorem
1281 1688 1461 1736 partem
1498 1686 1858 1727 cln·istianitatis

84 1754 167 1795 fiat
206 1756 399 1797 vocacio
447 1756 503 1796 ad
550 1757 793 1797 concilium
839 1757 1054 1807 generale
1101 1757 1155 1797 de
1202 1756 1415 1797 oumibus
1462 1757 1550 1796 illis
1593 1757 1857 1799 obediencie

83 1826 192 1868 dicti
227 1827 268 1867 d.
296 1827 545 1878 Benedicti,
580 1829 653 1879 qui
680 1828 872 1869 concilio
897 1828 1103 1878 generali
1127 1828 1357 1868 interesse
1389 1831 1587 1878 possunt
1611 1830 1657 1868 et
1691 1828 1855 1870 debent

83 1898 168 1938 sub
202 1898 367 1949 forma,
403 1911 539 1950 quam
575 1899 708 1940 vobis
742 1900 959 1940 novimus
994 1911 1099 1939 esse
1134 1900 1292 1939 missa.
1358 1899 1489 1949 Ecce,
1525 1899 1645 1950 quod
1680 1912 1705 1940 a
1734 1900 1857 1940 dicta

83 1970 453 2020 congregacione
480 1982 571 2010 una
607 1983 707 2010 cum
745 1971 890 2011 salvis
915 1970 1222 2011 conductibus
1256 1970 1538 2011 necessariis
1573 1970 1695 2011 dicte
1720 1982 1858 2011 voca-

83 2040 227 2081 cionis
269 2040 453 2081 litteras
488 2042 794 2092 suscepimus,
842 2054 957 2092 quas
992 2053 1081 2081 una
1119 2053 1221 2082 cum
1257 2041 1349 2081 ista
1383 2040 1748 2091 paternitatibus
1783 2054 1857 2081 ve-

83 2111 195 2151 stris
230 2111 462 2152 mittimus
495 2112 851 2162 presentandas.
917 2113 1021 2153 Ideo
1066 2113 1378 2163 paternitates
1412 2112 1599 2152 easdem
1635 2124 1857 2162 rogamus

81 2183 129 2221 et
163 2193 242 2232 per
275 2182 459 2223 viscera
501 2183 817 2224 misericordie
850 2183 964 2224 Jesu
1008 2184 1179 2223 Christi
1214 2183 1490 2233 requirimus
1534 2184 1576 2223 et
1614 2195 1857 2224 monemus

82 2253 142 2302 et,
177 2264 265 2302 quo
301 2253 544 2294 astrictius
579 2266 845 2305 possumus7
889 2254 1085 2294 dicimus
1120 2256 1167 2294 et
1201 2256 1427 2305 ortamur,
1468 2256 1699 2304 quatenus
1734 2254 1857 2294 omni

83 2335 210 2363 more
245 2323 482 2374 dispendio
514 2327 729 2365 resecato
764 2325 834 2365 die
869 2325 1004 2365 dictis
1030 2325 1198 2365 litteris
1233 2324 1477 2374 assignata
1511 2324 1555 2363 in
1591 2324 1715 2364 dicta
1749 2324 1856 2364 civi-

83 2395 182 2433 tate
216 2393 496 2435 Constancie
531 2396 845 2445 compareatis
882 2407 962 2445 pro
988 2396 1143 2435 causis
1177 2395 1221 2434 in
1256 2395 1429 2435 eisdem
1465 2394 1634 2435 litteris
1668 2406 1856 2445 expres-

82 2464 216 2515 satis,
251 2465 525 2515 tractandis
561 2466 846 2516 complendis
871 2468 915 2506 et
952 2466 1189 2506 eficaciter
1211 2465 1506 2515 exequendis.
1557 2465 1691 2505 Absit
1720 2465 1856 2517 enim,

83 2534 127 2573 in
161 2534 346 2576 Christo
380 2538 554 2586 patres7
590 2537 711 2587 quod
736 2537 887 2587 aliqua
922 2548 1060 2587 quam
1095 2536 1245 2587 magis
1280 2536 1511 2586 legittima
1534 2536 1661 2576 racio
1697 2548 1855 2577 acces-

84 2616 185 2644 sum
210 2608 421 2646 vestrum
456 2606 623 2647 diferat
650 2620 732 2647 seu
766 2610 973 2657 excuset,
1009 2619 1110 2647 cum
1137 2607 1196 2647 ibi
1231 2607 1285 2647 de
1310 2610 1442 2647 tanta
1469 2607 1620 2647 salute
1655 2606 1852 2647 fidelium

83 2665 237 2725 agitur
276 2676 548 2717 animarum.
614 2677 770 2718 Vobis.
815 2678 889 2728 qui
933 2689 1093 2718 eorum
1139 2690 1297 2718 curam
1332 2678 1508 2728 geritis7
1552 2689 1643 2718 non
1687 2677 1745 2717 sit
1782 2677 1854 2718 sas

82 2746 320 2786 retrahere
364 2759 389 2787 a
433 2747 605 2788 laboris
649 2752 1041 2799 quantuncunque
1083 2749 1242 2799 gravis
1287 2760 1426 2788 onere
1470 2748 1609 2798 pedes
1653 2749 1854 2794 vestros,

83 2829 191 2868 ymo
226 2818 349 2858 omni
373 2818 585 2869 deposita
611 2819 927 2859 sonmolencia
962 2820 1076 2860 totis
1111 2819 1357 2860 conatibus
1381 2819 1614 2859 insudare.
1649 2830 1704 2858 ne
1729 2818 1851 2859 dicat

85 2887 216 2928 vobis
251 2887 484 2930 Christus:
526 2890 625 2930 Non
667 2890 888 2940 potuistis
923 2902 1013 2930 una
1052 2890 1166 2931 hora
1202 2890 1392 2940 vigilare
1433 2885 1690 2939 mecum‘ss)
1752 2889 1853 2939 lpse

204 3015 227 3057 ¹)
254 3015 455 3051 ,S'clireiben
483 3028 566 3051 wem
591 3019 623 3050 li.
650 3017 823 3050 Januar.

202 3074 226 3111 2>
256 3067 389 3109 irata.
416 3078 473 3111 26.
500 3078 554 3109 40.
