2178 3404
362 198 403 230 A.
432 197 619 230 Benedikt
649 196 746 229 XIII.
775 195 851 228 und
879 195 985 228 scine
1013 193 1285 235 Beziehungen
1314 203 1358 225 zu
1387 192 1623 226 Schottland
1651 195 1722 225 etc.
1841 183 1923 224 421

156 307 307 348 nostri
341 306 531 347 faciunt.
566 306 685 345 idem
719 304 1006 355 gubernator
1041 303 1389 343 ambaxiatores
1425 301 1673 352 solemnes,
1714 301 1788 351 qui
1823 313 1925 342 cum

155 378 319 419 eodem
355 377 539 417 domino
564 377 728 415 nostro
764 375 807 414 in
842 377 938 414 tam
964 373 1128 423 grandi
1163 373 1383 413 adessent
1409 372 1617 423 negocio,
1652 371 1925 412 destinaret.

272 459 464 509 Insuper
496 460 710 508 exponet⁷
746 456 944 507 qualiter
984 456 1157 506 pridem
1194 458 1419 496 venerunt
1455 467 1577 495 nova
1611 454 1665 494 de
1697 453 1926 495 Constan-

155 530 240 582 cia‚
276 529 397 581 quod
430 529 639 569 intrusus
673 527 911 568 „lohannes
946 539 971 566 a
997 526 1362 576 congregacione
1394 525 1472 570 „illa
1508 524 1704 575 aufugiit
1727 527 1773 565 et
1806 536 1926 565 nunc

155 600 317 641 ultimo
353 600 721 650 supervenerunt
758 609 893 648 nova7
928 596 1127 647 qualiter
1160 595 1318 646 fugam
1355 607 1487 636 suam
1523 608 1604 646 pro
1646 607 1785 646 posse
1819 606 1926 636 con-

153 671 306 712 tinuat
338 672 386 711 et
409 669 607 721 qualiter
640 669 710 709 his
744 680 835 708 non
861 666 1158 708 obstantibus
1201 666 1414 707 dominus
1448 668 1612 707 noster
1635 668 1681 706 et
1714 665 1926 716 prefatus

152 753 234 782 rex
265 740 498 792 Aragonie
533 751 634 781 cum
671 739 830 780 eodem
867 739 1149 788 imperatore
1185 737 1430 779 convenire
1464 736 1711 777 intendunt
1744 736 1845 777 loco
1880 738 1925 776 et

152 813 363 863 tempore
397 810 652 861 assignatis
687 812 775 850 etc.

271 893 386 934 Item
427 895 629 951 exponet
670 888 797 943 eis‚³)
836 903 892 932 ne
932 893 1122 942 propter
1160 889 1459 941 prefixionem
1501 891 1597 930 tam
1639 888 1793 929 brevis
1834 890 1925 928 ter-

152 964 262 1004 mini
296 975 379 1015 pro
414 963 541 1003 dicta
575 962 888 1004 convencione
924 961 1153 1012 assignati
1187 962 1233 1001 et
1257 959 1622 1001 destinacionem
1659 958 1926 999 ambaxiate

152 1034 357 1085 predicte
375 1033 562 1074 minime
581 1030 867 1083 ret1·a11ant'²)
887 1045 939 1073 ac
957 1032 1103 1073 eciam
1121 1028 1411 1082 retardentff)
1428 1043 1530 1072 cum
1549 1030 1717 1070 similia
1732 1029 1925 1080 negocia

151 1117 242 1146 non
277 1104 459 1156 possint
496 1104 622 1145 brevi
658 1107 867 1155 tempore
907 1103 961 1144 de
995 1103 1118 1144 facili
1152 1102 1407 1152 terminari,
1442 1103 1486 1142 et
1523 1101 1715 1142 credant
1751 1100 1817 1141 sic
1852 1112 1925 1140 as-

151 1175 387 1227 signatum
421 1175 669 1216 terminum
706 1186 785 1225 per
819 1177 1004 1225 tempus
1036 1173 1233 1224 aliquod,
1266 1172 1387 1213 infra
1421 1172 1541 1223 quod
1576 1170 1925 1212 ambaxiatores

151 1246 238 1297 ipsi
278 1245 507 1297 quomode
552 1245 741 1286 favente
787 1245 1018 1286 altissimo
1065 1244 1267 1295 poterint
1313 1242 1616 1285 convencioni
1662 1241 1925 1282 huiusmodi

151 1317 395 1366 interesse‚
428 1316 744 1357 verisimiliter
778 1316 1032 1367 prorogari.
1099 1315 1145 1355 F.
1181 1314 1367 1355 Rovira.

151 1467 273 1523 (173)
299 1468 586 1511 Instruklc‘on
636 1468 690 1510 K.
742 1468 1042 1510 Ferslmsmds
1088 1468 1172 1521 fiir
1216 1467 1373 1519 Feltpe
1423 1467 1479 1507 (Ic
1523 1465 1688 1517 Malla,
1734 1465 1926 1507 Johann

300 1539 449 1582 Fabrc
481 1541 580 1582 und
612 1539 854 1592 Berengyar
880 1538 1053 1581 Clavem
1084 1539 1158 1580 als
1181 1538 1409 1579 Gesamlte
1441 1551 1545 1577 zuen
1576 1536 1807 1589 Romulea
1842 1549 1926 1577 von

300 1610 577 1663 Scleollland‚
630 1610 874 1663 belreffend
918 1609 1151 1662 Absclelnss
1191 1609 1270 1650 (les
1314 1607 1749 1660 Ne'zzct-Verlmgyes:
1793 1606 1922 1655 Bate,

301 1682 526 1723 Gesandte
561 1681 681 1723 nach
712 1680 854 1722 Nizzav
886 1693 941 1721 zu
973 1680 1194 1722 echichen.
1261 1677 1395 1727 (1415
1428 1677 1565 1731 April
1596 1677 1682 1718 'Aa'

269 1762 501 1803 Barcelona„
529 1761 789 1802 Krouarchio,
819 1761 904 1803 Hegl.
931 1761 1025 1794 2409
1050 1762 1079 1804 f.
1107 1761 1152 1794 15
1163 1767 1196 1792 v.

271 1836 554 1877 Ambaxiata
588 1836 645 1877 ad
680 1847 871 1886 regnum
908 1835 1081 1875 Scocie.

272 1907 537 1948 Memoriale
561 1918 728 1957 rerum,
754 1900 915 1957 quasbl)
945 1906 1171 1956 magister
1196 1905 1397 1955 Philipus
1421 1905 1475 1944 de
1501 1903 1696 1944 Medalia
1719 1903 1762 1942 in
1788 1915 1924 1943 sacra

152 1978 389 2029 theologia
422 1978 661 2029 magister,
692 1977 931 2018 johannes
966 1975 1152 2023 Fabre‘)
1185 1976 1319 2016 miles
1353 1977 1399 2015 et
1435 1975 1727 2025 Herengarus
1753 1973 1921 2014 (⁷¹lavell

151 2049 303 2100 legum
338 2049 502 2090 doctor
545 2051 593 2089 et
626 2048 816 2100 quilibet
850 2048 1057 2098 ipsorum
1102 2058 1184 2097 pro
1228 2048 1360 2097 parte
1405 2045 1691 2086 serenissimi
1725 2045 1766 2085 d.
1802 2044 1923 2095 regis

151 2120 382 2170 explicare
417 2119 585 2160 debent
629 2119 802 2159 virtute
836 2118 990 2158 littere
1034 2117 1288 2168 credencie‚
1331 2129 1468 2167 quam
1513 2128 1671 2157 secum
1711 2116 1919 2156 deferunt

150 2190 307 2231 inclito
341 2192 389 2231 et
423 2190 669 2241 magnifico
702 2189 1004 2240 gubernatori
1040 2189 1167 2240 regni
1202 2188 1375 2229 Scocie.

269 2304 277 2313 .
313 2304 321 2313 .
358 2305 365 2314 .
400 2273 515 2314 Item
531 2270 561 2324 ¹)
603 2273 722 2323 quod
757 2272 909 2313 dictus
953 2271 993 2311 d.
1029 2283 1109 2312 rex
1142 2272 1274 2311 iuxta
1315 2270 1518 2311 divinam
1562 2269 1921 2319 disposicionem

153 2355 326 2395 sueque
358 2344 561 2394 gloriose
603 2343 842 2394 genitricis
876 2343 1066 2393 virginis
1101 2342 1242 2382 Marie
1276 2341 1473 2381 intendit
1506 2340 1571 2380 ire
1610 2341 1655 2379 et
1691 2339 1922 2389 complere

152 2426 348 2456 unacum
385 2415 547 2455 eodem
582 2415 622 2454 d.
657 2426 699 2454 n.
725 2426 845 2464 papa
878 2414 1030 2453 dIctas
1065 2413 1271 2453 visiones
1304 2411 1425 2452 infra
1449 2410 1696 2451 terminum
1732 2421 1921 2450 concor-

152 2484 313 2525 datum
355 2496 494 2535 super
535 2485 728 2535 negocio
773 2486 881 2524 ante
924 2483 1043 2524 lato.=
1106 2483 1160 2523 Et
1205 2484 1454 2533 propterea
1495 2493 1599 2521 eum
1643 2482 1776 2531 rogat
1822 2491 1921 2530 pre-

153 2555 297 2606 cibus(
332 2555 496 2606 quibus
521 2556 693 2605 potest,
718 2554 839 2605 quod
863 2554 979 2594 idem
1007 2553 1292 2604 gubernator
1316 2551 1476 2593 Scocie
1503 2554 1725 2602 tanquam
1760 2550 1920 2592 catho-

153 2637 235 2665 cus
275 2625 452 2666 zelator
484 2625 666 2666 unionis
696 2627 741 2665 et
776 2625 904 2676 pacis
938 2625 1132 2665 ecclesie
1165 2635 1293 2665 more
1327 2635 1411 2665 suo
1443 2623 1629 2663 mittere
1663 2621 1775 2662 velit
1808 2633 1920 2662 suos

152 2696 384 2737 solemnes
409 2696 759 2737 ambaxiatores
793 2696 850 2736 ad
874 2695 1063 2736 easdem
1099 2695 1250 2734 vistas
1284 2694 1418 2745 plena
1444 2694 1683 2744 potestate
1718 2692 1920 2733 sufultos

151 2767 400 2817 tractandi,
434 2767 478 2807 in
513 2766 713 2807 animam
739 2766 838 2807 eius
862 2765 1055 2815 iurandi,
1090 2764 1428 2815 consenciendi7
1454 2763 1779 2814 concordandi,
1814 2774 1921 2803 con-

152 2838 362 2879 cludendi
397 2840 493 2878 tam
528 2849 629 2878 cum
665 2848 773 2888 rege
798 2836 1113 2877 Romanorum
1147 2848 1284 2887 quam
1320 2836 1409 2876 alia
1442 2847 1523 2876 seu
1559 2834 1660 2875 aliis
1694 2834 1920 2885 personis,

268 2975 300 3008 a)
320 2974 362 3003 So
383 2975 455 3010 Rey.
495 2975 527 3009 b)
548 2976 619 3010 Ress.
641 2984 710 3010 qne.
749 2976 779 3009 c)
799 2975 880 3002 Hier
901 2974 1018 3001 Fabra.

272 3036 296 3077 ¹)
326 3037 472 3071 Vorhcr
493 3037 614 3080 Gruss.
646 3036 1073 3071 Geszm‹lleeitszustamz
1102 3036 1184 3070 und
1202 3035 1421 3079 Mitteiluny
1448 3035 1517 3069 cler
1538 3032 1840 3075 Gesamltschaft
1866 3043 1921 3066 αη

149 3095 383 3139 Siyismuml
412 3096 495 3130 tend
527 3096 818 3139 l·‘'ereinbm·zmy
845 3096 922 3139 (tuf
944 3095 1050 3130 Juni.
