2178 3404
305 144 392 185 432
663 154 723 186 III.
751 154 969 186 Abschnitt.
1022 153 1215 186 Benedikt
1242 153 1340 186 XIII.
1369 153 1447 186 und
1475 154 1544 186 das
1572 153 1722 187 Konzil.

305 259 735 312 (181)]ηκκνη1ῑκῑοη
782 260 836 301 K.
874 260 1173 302 Ferdimmds
1213 261 1297 313 fiir
1329 260 1608 302 Bernardus
1644 261 1777 310 Oller,
1821 262 2079 304 Gesandlen

455 346 508 373 :n
534 332 588 373 K.
615 331 914 385 Sigye'snmmd:
946 330 1079 372 Besso
1114 332 1229 373 nach
1255 331 1421 382 Nabum
1462 331 1700 373 Verlmlz‘ew
1730 332 1783 374 K.
1809 331 2083 385 Sigye'smwid

451 402 719 456 gyegyemtber.
784 403 917 454 (1415
948 403 1068 443 Jmec'
1102 399 1230 454 16).¹)

424 472 654 506 Barcelmm.
682 471 944 507 Krmmrchiv.
973 472 1059 512 Rea.
1087 472 1182 505 2408
1198 471 1226 514 f.
1253 472 1308 505 21.

422 546 688 587 Memoriale
722 558 898 587 eorum.
934 558 1020 596 que
1066 545 1331 586 Bernardus
1378 544 1501 586 Oller
1545 546 1747 596 scriptor
1793 546 2080 586 serenissimi

302 618 342 658 d.
378 617 500 668 regis
535 629 590 657 ex
625 619 757 667 parte
791 617 935 667 ipsius
970 616 1010 656 d.
1046 616 1168 666 regis
1203 616 1435 667 explicare
1469 615 1603 656 debet
1641 617 1942 657 serenissimo
1989 616 2079 657 Ro-

302 700 545 729 manorum
582 688 677 737 regi
711 687 885 728 virtute
920 687 1073 727 littere
1116 687 1368 738 credencie,
1415 698 1551 737 quam
1599 699 1757 728 secum
1806 686 1986 738 deffert,
2032 689 2080 727 et

302 760 511 810 aliorum,
546 770 633 809 que
667 759 890 799 mandato
926 758 1035 799 dicti
1071 758 1111 798 d.
1147 758 1270 808 regis
1299 757 1512 799 facturus
1537 760 1611 798 est
1634 758 1677 798 in
1704 757 1914 808 partibus
1940 758 2078 798 Nicie.

420 830 587 878 Primo„
624 830 661 870 si
705 830 878 880 reperit
924 841 1078 880 regem
1126 829 1443 870 Romanorum
1490 829 1533 868 in
1581 829 1773 870 civitate
1806 828 1946 879 Nicie,
1981 860 1989 868 .
2025 860 2033 868 .
2069 860 2077 868 .

300 915 355 942 ex
390 905 524 953 parte
559 901 845 942 serenissimi
880 901 1003 951 regis
1038 900 1308 951 Aragonum
1344 899 1492 940 eidem
1527 900 1623 950 regi
1666 899 1789 940 dicet
1835 901 1881 939 et
1926 898 2078 940 notifi-

302 973 439 1021 cabit,
474 974 672 1024 qualiter
707 972 859 1012 dictus
893 972 933 1011 d.
969 983 1048 1011 rex
1084 971 1352 1021 Aragonum
1389 983 1480 1011 una
1507 983 1609 1011 cum
1635 970 1939 1011 sanctissimo
1964 970 2003 1010 d.
2035 982 2076 1011 n.

301 1057 421 1095 papa
458 1044 706 1084 Benedicto
743 1045 849 1083 sunt
886 1043 929 1082 in
967 1043 1091 1082 brevi
1128 1042 1311 1082 venturi
1336 1041 1393 1082 ad
1418 1041 1521 1081 loca
1545 1043 1779 1081 conventa
1803 1053 1884 1092 pro
1915 1043 2078 1082 mutua

300 1116 502 1161 visione;
537 1118 580 1155 et
608 1127 663 1155 ex
695 1115 781 1155 hac
807 1126 951 1155 causa
985 1113 1307 1153 destinaverat
1344 1112 1599 1163 predictum
1635 1112 1851 1153 nuncium
1888 1112 1944 1152 ad
1978 1112 2077 1152 eius

299 1187 602 1227 serenitatem
658 1198 739 1236 pro
788 1183 1073 1226 notificando
1121 1184 1206 1224 sibi
1253 1195 1411 1224 eorum
1462 1183 1728 1224 adventum.
1793 1183 1964 1224 Paulus
2006 1194 2076 1223 se-

300 1258 544 1298 cretarius.

417 1329 528 1369 Item
565 1327 823 1369 notificabit
861 1327 900 1367 d.
926 1327 1022 1375 reg-i
1057 1326 1389 1374 Romanorum,r
1415 1326 1536 1377 quod
1558 1325 1710 1366 dictus
1745 1325 2074 1365 serenissimus

295 1399 335 1439 d.
374 1411 453 1439 rex
488 1399 758 1449 Aragonum
795 1410 886 1439 una
921 1410 1020 1439 cum
1059 1397 1183 1437 dicto
1219 1397 1258 1437 d.
1283 1409 1324 1437 n.
1351 1409 1469 1447 papa
1494 1397 1584 1437 iam
1610 1396 1848 1436 venissent
1886 1395 1943 1436 ad
1973 1395 2075 1436 loca

298 1473 458 1510 mutue
492 1470 686 1510 visionis
729 1469 849 1510 infra
890 1472 1074 1518 tempus
1110 1468 1332 1519 prefixum
1378 1468 1421 1508 in
1456 1468 1592 1508 dictis
1628 1467 1843 1517 capitulis
1884 1478 2075 1507 concor-

297 1541 434 1592 datis,
468 1541 555 1581 nisi
591 1542 697 1592 quia
730 1541 773 1581 in
809 1552 969 1581 mense
1000 1540 1137 1582 Annii.
1172 1539 1383 1580 videlicet
1420 1539 1582 1589 quinta
1616 1538 1687 1578 die
1721 1538 1895 1578 mensis
1930 1537 2075 1588 ipsius

295 1625 321 1653 a
351 1613 542 1653 civitate
568 1612 849 1653 t'onstancie
874 1611 998 1652 venit
1036 1610 1217 1661 quidem
1244 1612 1443 1651 vocatus
1468 1609 1732 1650 Bernardus
1758 1606 1893 1655 Oller,
1925 1620 2075 1649 secre-

295 1683 445 1724 tarius
470 1684 511 1723 d.
537 1683 836 1724 Zamorensis
861 1682 1080 1733 episcopi,
1105 1694 1239 1732 quem
1264 1682 1306 1721 in
1336 1681 1461 1721 dicta
1486 1681 1678 1720 civitate
1704 1679 2075 1720 ambassiatores

296 1754 404 1794 dicti
440 1754 480 1795 d.
510 1755 632 1805 regis
667 1754 935 1802 Aragonum
963 1753 1234 1793 dimiserant
1263 1764 1343 1803 pro
1370 1751 1638 1802 colligendis
1664 1750 1846 1791 actibus
1871 1752 1915 1790 et
1947 1750 2075 1790 novi-

297 1825 473 1865 tatibus
498 1825 837 1876 subsequendis
868 1826 973 1874 post
1000 1835 1158 1864 eorum
1195 1834 1448 1871 recessum,
1473 1823 1547 1873 qui
1572 1821 1837 1862 Bernardus
1861 1832 1917 1861 ex
1941 1822 2074 1871 parte

294 1896 498 1936 eiusdem
536 1896 659 1946 regis
694 1895 1011 1936 Romanorum
1047 1895 1172 1934 ‹licto
1213 1894 1253 1934 d.
1289 1894 1384 1945 regi
1419 1893 1689 1944 Aragonum
1737 1892 1853 1932 dixit
1895 1894 1943 1932 et
1992 1903 2070 1931 ex-

295 1967 497 2017 plicavit.
533 1966 655 2017 quod
688 1966 841 2007 dictus
876 1977 956 2006 rex
992 1965 1308 2006 Romanorum
1345 1964 1429 2005 sibi
1466 1964 1550 2004 sub
1585 1963 1672 2004 tide
1696 1965 1744 2003 et
1768 1964 2068 2003 sacramento

296 2038 562 2088 comiserat⁷
624 2039 856 2088 quatenus
911 2048 965 2076 ex
1022 2039 1155 2086 parte
1210 2036 1355 2086 ipsius
1402 2033 1665 2075 notificaret
1719 2034 1843 2074 dicto
1891 2033 1930 2073 d.
1978 2033 2073 2083 regi

293 2108 613 2158 Aragonmnst)
646 2108 767 2159 quod
802 2120 883 2158 pro
919 2107 1017 2147 eius
1053 2107 1265 2157 serviciQ
1305 2106 1481 2147 honore
1515 2108 1562 2145 et
1609 2105 1806 2145 comodo
1855 2106 1904 2144 et·
1936 2116 2073 2155 expe-

293 2179 473 2219 dicione
512 2179 689 2229 negocii
734 2181 780 2219 et
815 2191 896 2229 pro
942 2178 1173 2218 evitandis
1208 2176 1473 2227 sumptibus
1519 2176 1562 2216 in
1609 2175 1827 2226 expensis
1859 2175 1959 2226 ipse
1991 2187 2072 2215 rex

291 2249 608 2290 Romanorum
656 2249 1013 2297 deliberaverat,
1060 2248 1181 2298 quod
1227 2248 1351 2288 (licta
1398 2248 1561 2287 mutua.
1608 2246 1740 2297 visio,
1787 2257 1874 2296 que
1920 2244 2071 2286 fienda

289 2323 389 2360 erat
427 2321 469 2360 in
507 2320 699 2361 civitate
734 2320 858 2360 Nicie
893 2322 934 2359 et
955 2314 987 2366 1”)
1022 2319 1122 2359 loco
1163 2320 1207 2358 et
1251 2319 1389 2368 portu
1435 2317 1490 2357 de
1526 2316 1627 2357 Vila
1667 2316 1892 2367 Francha7
1938 2316 2071 2356 fieret-

290 2394 334 2431 et
371 2393 636 2432 mutaretur
670 2391 726 2431 ad
761 2391 1000 2431 civitatem
1040 2389 1252 2430 Narbone
1285 2391 1333 2428 et
1367 2388 1520 2428 villam
1560 2387 1818 2438 l'erpiniani
1853 2389 1901 2427 et
1945 2387 2067 2437 quod

289 2474 430 2512 super
462 2462 547 2502 hoc
583 2462 746 2502 statim
782 2465 885 2512 post
933 2461 1105 2501 (lictum
1143 2459 1425 2500 ssernardum
1474 2459 1574 2509 ipse
1620 2470 1703 2498 rex
1749 2457 2066 2498 Romanorum

288 2533 475 2572 miteret
519 2545 603 2573 seu
637 2533 894 2573 destinaret
944 2532 984 2572 d.
1021 2530 1308 2572 Ottobonum
1356 2530 1411 2571 de
1458 2529 1659 2570 Bellonis
1704 2529 1761 2569 ad
1806 2529 1979 2569 dictum
2027 2528 2067 2568 d.

290 2615 444 2651 regem
495 2616 595 2643 cum
647 2603 916 2653 plenissima
972 2604 1212 2653 potestate
1266 2601 1503 2642 relaxandi
1558 2601 1821 2641 iuramenta
1869 2599 2068 2650 prestita

288 2674 475 2714 racione
505 2674 733 2714 dictarum
770 2674 1028 2722 vistarum3
1063 2674 1110 2712 et
1143 2672 1264 2723 quod
1300 2672 1481 2713 interim
1508 2671 1606 2722 ipse
1631 2682 1711 2710 rex
1745 2669 2064 2711 Romanorum

289 2744 600 2794 personaliter
635 2757 684 2784 se
725 2744 935 2785 conserat
985 2746 1027 2784 et
1064 2744 1242 2784 veniret
1292 2743 1348 2783 ad
1394 2742 1633 2784 civitatem
1670 2738 2068 2792 Lugdonenselu⁰)

287 2817 334 2855 et
366 2815 425 2855 ibi
461 2817 702 2865 spectaret
735 2827 1013 2865 responsum
1049 2814 1160 2855 dicti
1194 2814 1234 2854 d.
1260 2814 1383 2864 regis
1409 2813 1480 2854 vel
1506 2812 1771 2864 agrediendi
1794 2812 2063 2852 Narbonam

407 2939 439 2971 a)
462 2939 532 2973 qu.
555 2939 781 2965 R0111anorum
823 2939 854 2973 b)
875 2939 946 2973 Rey.
969 2941 1000 2965 et
1024 2946 1072 2965 ar.
1111 2940 1140 2973 c)
1161 2938 1203 2965 So
1224 2938 1297 2972 Regl.

409 3000 432 3043 ¹)
466 3000 679 3042 Datim-ung]
703 3000 800 3034 maele
822 3001 904 3033 dem
925 3001 1054 3034 hilder
1074 3000 1213 3034 diesem
1232 2999 1435 3034 Schreiben
1454 2999 1714 3041 registrierten
1733 2997 2063 3040 Beylaubigmnys-

287 3059 388 3101 brief
410 3060 481 3102 fiir
511 3059 610 3092 (mer
635 3060 664 3101 f.
691 3061 782 3092 ’.Ἢν
841 3059 919 3101 Υῃῖ.
951 3060 1012 3092 dis»
1038 3059 1238 3092 Schree'beu
1268 3069 1352 3092 vom
1380 3059 1412 3091 5.
1440 3058 1526 3092 mid
1551 3058 1607 3091 22.
1634 3057 1742 3090 ιῙπῇί.
