2178 3404
307 185 392 224 40ss
662 192 720 224 III.
750 190 967 223 Absclmitt.
1021 188 1210 221 Renedikt
1237 188 1335 221 XIII.
1365 188 1441 220 und
1469 188 1539 221 das
1567 186 1714 221 Konzil.

308 306 517 353 tempore
551 312 640 340 non
677 300 864 349 poterat
898 298 940 337 in
964 297 1050 337 hac
1077 296 1275 337 materia
1309 297 1375 337 sic
1401 299 1562 347 aperte
1585 299 1787 337 mentem
1814 309 1945 337 suam
1973 309 2077 348 ape-

307 373 396 413 rire
429 384 513 412 nec
548 372 679 411 iuxta
721 381 823 409 eam
868 368 1064 419 operari,
1108 367 1230 408 sicut
1262 379 1382 408 nunc
1416 379 1497 418 per
1528 367 1609 407 Dei
1656 367 1863 418 graciam
1907 369 2079 417 potest,

307 454 388 493 per
429 441 657 492 quendam
703 439 896 479 fratrem
933 438 1153 478 Minorem
1199 437 1517 478 confessorem
1562 450 1696 478 suum
1740 437 1852 478 fecit
1893 437 2079 478 domino

306 515 470 553 nostro
512 510 732 560 intimari,
778 509 1010 560 quomodo
1054 509 1155 559 ipsa
1200 509 1303 548 erat
1345 508 1576 550 catholica
1622 507 1888 548 Christiana
1933 507 2080 548 fidelis

307 583 492 623 domino
526 584 704 631 nostro,
739 582 786 621 et
810 581 847 620 si
882 580 1010 621 facto
1036 592 1127 621 non
1163 579 1367 620 audebat
1391 579 1652 630 ostendere,
1687 579 1843 620 saltim
1876 578 2081 619 habebat

306 653 502 694 firmiter
525 648 731 702 mentef‘)

426 724 480 764 Et
518 723 652 774 quod,
688 723 726 762 si
761 724 970 772 tempore
1005 722 1080 762 illo
1116 722 1240 762 circa
1273 721 1356 761 hec
1391 720 1678 771 propalanda
1720 722 1768 760 et
1801 719 2081 771 apperienda

307 795 559 847 periculum
593 794 777 844 aliquod
820 793 906 833 sibi
948 792 1222 833 imminebat
1263 797 1310 832 61.
1345 803 1434 842 quo
1479 793 1688 841 tempore
1721 790 1937 831 raciones
1984 792 2079 831 tam

306 868 528 916 urgentes
562 876 654 906 non
690 863 1013 913 occurrebant,
1049 863 1171 904 sicut
1204 874 1324 903 nunc
1359 862 1441 903 Dei
1474 862 1634 913 gracia
1669 863 1936 912 occurrunt,
1979 862 2082 901 erat

306 937 425 976 illius
461 935 611 976 sancti
645 935 886 986 propositi,
921 936 1096 985 quanto
1132 933 1233 983 plus
1266 944 1387 973 nunc
1422 932 1560 973 debet
1598 932 1642 972 in
1676 932 1836 973 eodem
1874 933 2003 972 stare
2036 933 2083 972 et

306 1007 415 1047 illud
438 1007 677 1047 ferventer
699 999 992 1053 executareb)
1017 1003 1304 1046 confidenter
1329 1015 1465 1054 quam
1491 1003 1692 1043 maxime
1716 998 1851 1053 hiisf)
1885 1014 1972 1053 que
1996 1003 2081 1043 sibi

306 1080 354 1118 et
386 1078 485 1118 eius
520 1077 765 1118 carissimo
790 1077 888 1117 viro
923 1087 979 1116 ex
1015 1074 1283 1116 differencia
1316 1073 1621 1124 credulitatis,
1657 1073 1779 1124 quod
1807 1074 1945 1125 absit,
1978 1086 2082 1115 eve-

306 1149 404 1189 nire
437 1149 647 1199 possent,
695 1158 781 1198 que
816 1147 913 1197 ipse
947 1147 1194 1196 episcopus
1228 1144 1403 1195 poterit
1446 1144 1669 1185 seriosius
1705 1144 1929 1195 apperire,
1962 1144 2083 1185 inter

308 1220 398 1260 alia
431 1219 639 1269 dicendo,
675 1217 921 1269 quomodo,
956 1217 993 1257 si
1028 1217 1113 1267 ipsi
1150 1216 1372 1267 coniuges
1402 1215 1497 1256 sint
1530 1215 1707 1256 dissoni
1746 1216 1789 1255 in
1825 1215 2083 1267 credencIa,

306 1302 398 1331 non
432 1290 605 1341 poterit
636 1289 759 1329 inter
792 1289 918 1339 ipsos
954 1287 1191 1338 perfectus
1226 1298 1357 1327 amor
1390 1298 1474 1327 nec
1509 1286 1684 1327 caritas
1720 1286 1923 1327 solidari.

426 1361 613 1401 Habens
648 1360 768 1400 enim
803 1359 1017 1400 dominus
1051 1360 1214 1399 noster
1247 1357 1429 1398 firmam
1466 1369 1596 1408 spem
1630 1357 1675 1397 in
1698 1357 1854 1398 verbis
1888 1358 2083 1409 predicti

308 1431 597 1473 confessoris
631 1433 679 1471 et
712 1431 755 1471 in
790 1430 961 1481 verbis,
1004 1441 1091 1480 que
1125 1440 1264 1479 super
1296 1429 1383 1470 hac
1416 1428 1616 1469 materia
1661 1428 1811 1470 ultimi
1846 1429 2082 1470 ambaxia-

308 1506 437 1544 tores
471 1503 591 1543 dIcte
626 1502 809 1542 domine
853 1501 1069 1541 dixerunt
1112 1499 1430 1540 illustrissimo
1464 1499 1561 1550 regi
1596 1498 1843 1551 Aragonie,
1886 1502 1999 1550 puta
2033 1502 2084 1541 ut

307 1574 554 1624 cogitaret,
589 1573 711 1624 quod
744 1573 787 1612 in
830 1572 917 1612 hac
951 1571 1150 1612 materia
1183 1570 1379 1611 ecclesie
1422 1570 1462 1610 d.
1497 1570 1657 1621 regina
1689 1573 1853 1612 votum
1894 1571 1964 1612 sui
1998 1571 2082 1612 viri

309 1646 595 1695 sequeretur,
642 1655 930 1694 speransque
965 1643 1180 1684 dominus
1223 1643 1386 1683 noster
1418 1642 1614 1692 negocia
1655 1642 1851 1684 ecclesie
1893 1644 2084 1693 propter

306 1716 393 1756 hoc
427 1715 559 1765 dirigi
594 1727 677 1765 pro
716 1714 921 1755 utilitate
955 1716 1003 1754 et
1036 1713 1211 1754 honore
1254 1713 1400 1763 ipsius
1435 1713 1475 1753 d.
1510 1713 1681 1765 regine,
1724 1725 1862 1764 quam
1897 1725 2003 1755 care
2037 1716 2084 1754 et

308 1787 477 1827 devote
512 1786 671 1837 diligit,
705 1787 753 1826 et
786 1786 884 1826 eius
919 1785 1062 1836 regni,
1104 1785 1234 1825 cuius
1270 1783 1533 1835 proprietas
1567 1786 1642 1825 est
1675 1784 1883 1836 ecclesie,
1918 1796 2083 1826 consu-

308 1858 391 1898 luit
424 1859 471 1898 et
496 1857 644 1898 voluit
668 1856 1018 1897 matrimonium
1053 1855 1151 1896 fieri
1185 1855 1307 1895 inter
1339 1853 1574 1906 predictas
1602 1854 1807 1896 illustres
1841 1867 2083 1907 personas,

308 1928 429 1980 quod
463 1928 578 1969 alias
613 1928 654 1968 d.
689 1939 770 1968 rex
806 1927 1075 1977 Aragonum
1110 1938 1202 1966 non
1236 1925 1442 1966 fecisset.

427 1999 541 2039 Post
565 1999 694 2039 cuius
719 1998 903 2038 domine
932 1998 1251 2038 reductionem
1276 1996 1545 2037 instandum
1575 1999 1650 2037 est
1673 1998 1911 2048 sapienter
1934 1997 2084 2038 modis

309 2070 523 2110 omnibus
558 2071 605 2110 et
637 2070 758 2111 inter
796 2069 885 2110 alia
920 2071 1110 2119 propter
1146 2068 1336 2109 vitanda
1371 2068 1588 2119 pericula,
1633 2069 1754 2119 quod
1794 2080 1985 2120 regnum
2020 2069 2083 2119 ip-

309 2153 411 2181 sum
447 2141 698 2181 reducatur
732 2140 789 2180 ad
823 2140 995 2180 domini
1028 2139 1178 2180 nostri
1215 2138 1544 2180 obedienciam.

428 2211 551 2251 Inter
585 2212 674 2252 alia
708 2211 828 2251 enim
863 2210 1049 2251 dabitur
1091 2222 1251 2251 eorum
1296 2210 1515 2250 vassallis
1550 2210 1737 2251 occasio
1772 2210 1948 2261 absque
1981 2222 2084 2261 pro-

309 2282 503 2323 dicionis
549 2281 740 2323 infamia
788 2282 1037 2323 rebellandi
1085 2283 1251 2322 contra
1296 2281 1435 2331 illum,
1486 2281 1615 2322 cuius
1662 2282 1955 2332 oppinionem
2003 2293 2084 2322 seu

310 2353 598 2393 credenciam
624 2354 815 2394 vassalli
850 2365 941 2394 non
967 2355 1236 2404 sequantur,
1270 2364 1326 2393 ex
1361 2364 1449 2403 quo
1485 2352 1783 2403 cogitandum
1809 2354 1897 2403 est,
1931 2352 2084 2403 qualia

310 2425 688 2466 Inconveniencia
712 2426 760 2465 et
784 2424 1006 2466 scandala
1031 2423 1139 2465 oriri
1164 2425 1375 2474 possunt,
1409 2435 1495 2474 que
1519 2423 1643 2463 Deus
1668 2424 1870 2473 avertat,
1896 2424 2086 2473 propter

311 2496 431 2546 quod
455 2496 770 2536 necessarium
807 2497 881 2536 est
904 2507 986 2546 pro
1022 2495 1224 2535 utilitate
1259 2495 1518 2535 animarum
1550 2494 1756 2544 ipsorum
1792 2493 2083 2534 dominorum

311 2566 556 2616 coniugum
592 2568 639 2606 et
681 2567 838 2607 status
881 2577 1041 2606 eorum
1076 2567 1123 2605 et
1166 2565 1293 2615 regni
1336 2565 1481 2616 ipsius
1525 2564 1862 2615 tranquillitate
1896 2565 1944 2604 et
1978 2563 2083 2604 soli-

310 2636 471 2687 ditate,
506 2636 627 2687 quod
662 2638 770 2676 ante
803 2637 958 2677 omnia
992 2637 1093 2687 ipsa
1127 2636 1314 2676 domina
1348 2635 1612 2677 reducatur.

429 2706 711 2757 Explicando
747 2707 867 2748 dicte
902 2707 1084 2747 domine
1119 2709 1166 2747 et
1201 2707 1316 2756 aliis,
1351 2718 1467 2757 quos
1502 2708 1666 2757 tanget
1704 2705 1792 2747 hoc
1825 2706 2083 2756 negocium,

311 2777 538 2818 utilitates
573 2779 620 2817 et
654 2778 913 2828 commoda,
952 2789 1038 2828 que
1073 2777 1193 2818 ultra
1227 2777 1405 2818 lucrum
1436 2777 1709 2827 animarum,
1743 2776 1865 2827 quod
1899 2788 2082 2817 omnem

311 2849 563 2898 exsuperat
586 2848 967 2900 prosperitatem,
1001 2859 1056 2889 ex
1090 2848 1177 2888 hac
1201 2848 1472 2888 reductione
1496 2848 1562 2888 eis
1587 2848 1872 2899 pervenient,
1907 2848 2083 2898 quanta

311 2919 446 2959 enim·
467 2919 556 2959 erit
578 2918 730 2959 virtus
764 2921 811 2959 et
844 2918 1071 2960 fortitudo
1100 2919 1250 2960 maior
1282 2919 1405 2969 regis
1439 2920 1487 2959 et
1509 2919 1865 2969 regnicolarum,
1900 2917 1937 2957 si
1972 2929 2082 2957 una-

311 2989 460 3029 nimes
495 2989 589 3028 sint
622 2989 665 3028 in
701 2989 1019 3040 spiritualibus
1053 2992 1101 3031 et
1144 2990 1480 3040 temporalibus
1514 2992 1562 3030 et
1595 2991 1772 3040 quanta
1816 2988 2083 3029 discrimina

436 3114 467 3147 a)
488 3113 560 3148 ll’vss.
583 3113 696 3139 manli.
734 3112 767 3144 b)
788 3114 860 3148 Νη).
883 3113 1064 3139 exoculari.
1104 3118 1132 3146 r)
1157 3113 1199 3139 ob
1222 3113 1374 3147 pensatis
1395 3113 1496 3147 fehlt?
