2178 3404
74 204 113 237 E.
166 204 359 237 Benedikt
378 203 477 237 XIII.
505 215 539 236 u.
568 203 602 236 d.
622 203 756 236 Konzil
788 214 819 236 v.
848 203 881 236 d.
911 203 1163 236 Subtraktion
1192 204 1250 235 bis
1277 214 1306 236 z.
1327 204 1441 237 Wahl
1470 203 1633 236 Martius
1655 205 1697 237 Υ.
1755 196 1832 236 (511

190 311 258 352 Ad
283 314 552 362 perpetuam
578 312 642 351 rei
668 312 953 352 memoriam.
994 312 1104 352 (¹um
1133 344 1139 352 .
1167 344 1173 351 .
1200 344 1207 351 .
1233 312 1289 353 ad
1315 313 1599 353 audienciam
1627 316 1837 354 nostram

70 382 196 422 fama
219 382 400 432 publica
425 382 660 422 deferente
684 382 961 433 pervenerit,
996 383 1117 432 quod
1141 383 1276 423 iidem
1303 382 1510 435 (sarolus,
1546 384 1769 425 Alfonsus
1794 387 1837 424 et

72 453 239 493 Petrus
273 454 380 503 post
413 453 619 503 ipsorum
655 453 913 492 discessum
955 453 1214 493 huiusmodi
1250 454 1557 503 malignitatis
1590 455 1729 495 filium
1763 455 1840 495 ‚lo—

70 523 269 564 hannem
294 523 398 564 olim
436 523 555 563 tituli
585 523 735 563 sancti
763 522 999 563 Laurencii
1034 523 1076 562 in
1103 522 1308 564 Damaso
1342 512 1668 575 presbyterum
1695 526 1841 566 cardi-

70 594 235 645 nalem,
269 594 342 644 qui
377 594 606 644 perprius
642 606 668 633 a
699 593 826 633 curia
850 605 900 633 se
935 593 1271 634 absentaverat
1305 595 1555 647 antedicta,
1590 596 1839 636 eorundem

72 665 296 705 scelerum
322 666 369 704 et
391 663 648 704 facinorum
675 664 1034 714 approbatorem
1073 664 1223 704 accire
1258 666 1458 715 tuncque
1483 666 1616 706 simul
1642 670 1844 717 quatuor

71 735 302 775 nonnullis
336 735 437 775 aliis
471 734 603 775 nobis
638 733 882 774 rebellibus
917 746 967 774 se
1000 735 1129 774 unire
1163 735 1380 786 pleraque
1415 736 1454 775 in
1492 737 1599 777 villa
1634 738 1842 778 (¹astelli-

72 806 187 857 onis,
220 805 523 845 Dertusensis
555 804 772 854 diocesis,
806 806 853 844 et
886 805 991 845 alibi
1026 805 1417 857 machinaciones,
1453 808 1842 858 coi'ispiraciones,

71 876 335 926 monopolia
377 878 424 915 et
467 876 703 916 tractatus
748 878 911 915 contra
953 888 1039 915 nos
1084 878 1127 915 et
1166 876 1422 917 Romanam
1465 878 1708 918 ecclesiam
1748 911 1755 919 .
1792 911 1799 918 .

72 947 344 988 continuare
397 946 824 998 reprobabiliusque
873 947 1051 987 instare
1100 959 1183 987 nec
1232 959 1323 987 non
1373 950 1508 988 actus
1564 949 1748 989 illicitos
1798 953 1844 990 et

72 1017 349 1057 temerarios
383 1019 668 1067 attemptare
701 1030 791 1058 non
826 1020 1046 1057 verentur
1079 1018 1121 1057 in
1156 1018 1304 1058 nostri
1340 1031 1393 1058 ac
1428 1019 1552 1059 sedis
1587 1021 1844 1070 apostolice

71 1088 367 1138 vilipendium
391 1089 438 1127 et
472 1090 806 1138 contemptum,
841 1088 883 1128 in
918 1088 1176 1138 exemplum
1215 1089 1465 1139 pessimum
1493 1092 1538 1130 et
1573 1091 1842 1131 scandalum

72 1159 387 1209 plurimorum,
423 1191 430 1199 .
462 1191 469 1199 .
506 1191 512 1197 .
548 1171 629 1209 per
661 1159 779 1199 hanc
814 1158 1107 1199 diffinitivam
1146 1160 1432 1200 sentenciam
1470 1162 1845 1210 prmmnciamus,

72 1229 363 1269 decernimus
397 1231 441 1269 et
477 1230 621 1269 eciam
668 1230 961 1270 declaramus
1006 1230 1357 1280 prenominatos
1389 1231 1664 1282 Johannem,
1706 1232 1845 1272 (¹aro-

73 1300 180 1351 lum,
234 1300 476 1340 Alfonsum
533 1302 581 1340 et
631 1300 815 1340 Petrum
871 1303 915 1340 et
966 1312 1124 1341 eorum
1181 1301 1429 1351 quemlibet
1481 1302 1605 1342 dicta
1654 1303 1846 1343 crimina

72 1373 119 1411 et
172 1382 397 1411 excessus
459 1371 753 1411 commisisse
807 1374 853 1411 et
907 1373 1084 1411 temere
1148 1374 1448 1422 perpetrasse
1501 1373 1693 1423 ipsaque
1747 1372 1846 1413 fore

73 1452 197 1491 vera,
242 1440 437 1492 publica,
483 1442 668 1481 notoria
711 1443 755 1481 et
800 1442 1052 1482 manifesta
1097 1443 1384 1483 notorietate
1426 1442 1536 1483 facti
1584 1443 1845 1484 diutissime

73 1512 388 1562 permanentis
412 1510 714 1562 prefatosque
735 1512 1011 1561 ‚lohannelm
1047 1513 1276 1563 Carolum,
1313 1512 1553 1554 Alfonsum
1585 1516 1633 1554 et
1659 1514 1842 1554 l'etrum

73 1584 261 1633 propter
302 1583 533 1633 premissa
566 1584 613 1622 et
656 1583 745 1623 alia
787 1595 868 1634 per
901 1595 981 1623 eos
1025 1586 1191 1623 contra
1233 1596 1319 1624 nos
1362 1585 1644 1635 nequissime
1688 1598 1846 1635 perpe-

73 1655 201 1694 trata
249 1665 303 1694 ac
358 1665 520 1694 omnes
568 1655 611 1693 et
664 1654 872 1703 singulos
918 1655 962 1694 in
1016 1655 1258 1704 premissis
1307 1655 1373 1694 eis
1428 1656 1722 1706 adherentes,
1777 1668 1847 1696 se-

75 1736 260 1775 quaces,
295 1724 544 1774 complices
581 1756 587 1762 .
625 1757 632 1764 .
669 1756 676 1764 .
711 1725 937 1775 nobisque
971 1726 1305 1776 inobedientes,
1347 1726 1647 1767 aulversarios
1687 1728 1734 1766 et
1779 1739 1847 1766 re-

74 1795 216 1835 belles
256 1795 481 1846 periuros,
528 1796 963 1836 excommunicatos
1009 1798 1056 1836 et
1102 1796 1532 1837 anathematizatos
1583 1809 1636 1837 ac
1684 1799 1848 1838 contra

74 1877 161 1906 nos
195 1868 242 1906 et
287 1866 533 1906 ecclesiam
568 1865 827 1906 Romanam
878 1868 1226 1917 c‹;›nspiratores
1263 1900 1271 1908 .
1308 1899 1315 1907 .
1352 1900 1359 1908 .
1396 1880 1592 1918 reosque
1640 1869 1847 1909 criminis

81 1936 177 1976 lese
219 1936 487 1977 maiestatis
530 1939 577 1977 et
618 1937 865 1988 parricidii,
907 1938 1171 1988 proditores
1212 1951 1264 1978 ac
1307 1939 1604 1979 scismaticos
1650 1971 1657 1979 .
1703 1971 1710 1978 .
1754 1972 1759 1977 .
1802 1941 1847 1979 et

76 2007 257 2047 demum
294 2007 423 2057 ipsos
459 2007 563 2048 olim
608 2008 866 2048 cardinales
907 2010 954 2048 et
994 2009 1109 2049 alios
1150 2010 1364 2059 superius
1404 2010 1686 2059 generaliter
1726 2022 1848 2050 com-

76 2077 346 2129 prehensos,
380 2078 527 2118 eciam
563 2078 600 2118 si
636 2079 875 2129 imperiali,
911 2080 1067 2129 regali,
1102 2080 1401 2130 patriarchali
1440 2112 1447 2119 .
1484 2112 1491 2119 .
1523 2080 1850 2130 .prefulgeant

77 2147 318 2199 dignitate,
352 2148 642 2189 cardinalatu
678 2151 726 2189 et
759 2149 858 2190 eius
893 2150 1138 2190 commodo
1173 2152 1217 2190 et
1254 2150 1427 2190 honore
1468 2163 1521 2191 ac
1556 2151 1769 2191 omnibus
1803 2153 1850 2191 et

77 2218 272 2268 singulis
307 2219 570 2270 prelaturis,
606 2220 906 2271 commendis,
953 2220 1260 2270 dignitatibus
1297 2252 1304 2260 .
1341 2253 1348 2260 .
1385 2253 1392 2260 .
1428 2221 1716 2272 deponimus,
1763 2222 1849 2272 pri-

79 2301 246 2329 vamus
300 2291 348 2329 et
394 2289 647 2330 verbaliter
695 2290 1024 2342 degradamus,
1079 2291 1342 2332 reducimus
1394 2304 1446 2331 ac
1493 2293 1759 2341 reponimus
1808 2292 1848 2331 in

78 2360 255 2399 statum
291 2360 562 2410 simpliciter
596 2360 803 2401 laicalem
841 2393 848 2400 .
885 2393 892 2400 .

194 2438 263 2471 Am
300 2440 357 2472 27.
386 2439 590 2473 November
624 2441 717 2472 1422
751 2442 913 2473 ervenit!
949 2441 1135 2474 Hemoda-t
1170 2451 1265 2474 ‘liene
1305 2442 1524 2474 Ix'nrdiw'tle
1559 2442 1644 2483 (esst.
1682 2442 1848 2484 (lagsvyw

78 2496 204 2539 Enbel,
232 2498 470 2531 Ηίθνανσῖῑία
496 2498 532 2531 S.
560 2500 607 2531 30
633 2498 910 2541 Amiterlsnmj).
964 2499 1012 2531 So
1045 2501 1127 2539 Htw.
1156 2501 1201 2531 (55
1226 2501 1254 2543 f.
1281 2501 1371 2532 492:

197 2570 267 2610 Ad
285 2570 489 2611 futuram
510 2572 573 2611 rei
590 2573 877 2612 memoriam.
914 2572 1142 2613 Sacerdos
1162 2573 1203 2613 in
1225 2575 1435 2613 eternum
1457 2574 1709 2614 secundum
1731 2575 1850 2613 ordi-

78 2652 183 2681 nem
200 2641 536 2682 Melchisedech
554 2674 561 2681 .
580 2674 587 2681 .
606 2674 613 2681 .
632 2642 850 2682 lulianum
870 2643 924 2683 de
942 2643 1066 2683 Loba
1083 2644 1368 2695 capellanum
1386 2646 1600 2684 nostrum
1620 2657 1851 2685 commen-

81 2710 242 2762 salem,
279 2724 462 2752 camere
497 2713 753 2763 apostolice
779 2714 993 2754 clericum
1020 2717 1350 2765 regentemque
1381 2714 1580 2755 officium
1609 2715 1850 2756 camerarii

75 2782 326 2838 ‘apostolici
376 2795 429 2823 ac
476 2782 733 2823 Eximinum
782 2784 910 2824 Dahe
955 2785 1102 2825 eciam
1151 2785 1438 2835 capellanum
1490 2785 1849 2825 commensalem

81 2853 129 2892 et
162 2852 523 2894 referendarium
550 2855 779 2905 nostrum,
798 2854 1056 2895 auditorem
1079 2867 1262 2896 camere
1283 2856 1549 2905 supradicte
1570 2868 1621 2895 ac
1648 2856 1851 2905 peniten—

84 2922 273 2963 ciariam
307 2926 519 2965 nostram
555 2927 810 2976 regentem,
857 2927 904 2965 et
949 2925 1236 2965 Dominicum
1286 2926 1341 2965 de
1387 2926 1605 2966 Bonafide
1652 2927 1850 2976 priorem

83 2992 248 3033 domus
269 2992 617 3035 Carthusiensis
643 2996 816 3036 ordinis
836 2996 891 3036 de
909 2996 1209 3046 Montalegre,
1232 2996 1619 3036 Harchinonensis
1638 2996 1852 3046 diocesis,

84 3074 169 3103 nec
202 3075 294 3104 non
326 3065 587 3106 Johannem
624 3066 822 3106 Carrerii
857 3066 1233 3107 archidiaconum
1272 3078 1307 3106 s,
1343 3066 1532 3106 Antonii
1572 3066 1616 3106 in
1655 3066 1853 3106 ecclesia

1559 3160 1639 3199 39*
