2178 3404
98 174 140 208 E.
190 172 383 209 Benedikt
401 173 499 207 XIII.
528 185 561 207 u.
590 174 624 206 d.
643 173 781 206 Konzil
809 183 843 205 v.
872 172 904 206 (1.
934 171 1186 205 Subtraktion
1214 169 1273 204 bis
1301 182 1330 204 z.
1350 171 1465 204 Wahl
1493 169 1657 204 Martius
1678 172 1721 204 V.
1779 163 1863 204 (505

99 285 148 324 et
179 282 448 324 describens
480 283 541 323 ibi
576 284 771 323 sanctus
805 281 985 332 doctor,
1011 281 1171 332 quales
1196 280 1455 321 cardinales
1480 279 1642 320 obtare
1666 281 1863 322 debeant

100 353 295 395 Romani
329 353 588 404 pontifices,
622 353 816 403 loquens
849 352 894 392 in
927 363 1176 402 personam
1223 352 1347 392 beati
1394 363 1510 402 pape
1543 352 1747 402 Euge-nii,
1795 354 1865 394 cui

99 424 261 465 librum
296 423 540 475 dirigebat,
575 423 656 463 sed
689 435 781 463 non
814 423 964 473 ipsum
1001 424 1183 462 tantum
1214 423 1289 463 illo
1320 423 1473 463 divino
1504 435 1641 474 opere
1665 424 1866 465 instrue-

98 495 195 547 bat,
233 495 288 536 de
322 494 475 535 officio
511 494 813 535 cardinalium
846 493 994 533 multa
1028 493 1170 544 ponit,
1205 505 1291 543 que
1327 495 1445 534 satis
1479 494 1537 534 ad
1576 496 1864 545 propositum

100 566 398 617 adoptantur.
463 565 521 604 Et·
553 565 781 615 quamvis,
814 563 1088 604 beatissime
1123 566 1269 614 pater,
1305 565 1413 605 dicti
1449 565 1709 606 cardinales
1733 567 1869 617 longe

101 649 151 677 se
186 637 339 677 sciant
371 636 574 686 impares
615 636 726 676 viris
768 636 869 685 illis,
905 635 960 675 de
1006 634 1171 686 quibus
1206 638 1501 684 precesserat
1545 649 1699 679 sermo
1744 639 1867 679 beati

101 707 337 758 Bernardi,
371 707 696 747 nichilominus
721 708 877 746 tamen
903 706 1077 756 scripta
1114 717 1194 756 per
1230 706 1379 755 ipsum
1405 708 1635 749 extimant
1670 710 1727 750 ad
1752 722 1869 750 onus

102 790 234 818 suum
270 777 534 818 incumbere
568 779 615 817 et
658 789 749 817 non
785 777 998 817 volentes
1044 779 1216 827 tacere,
1266 777 1386 827 quod
1432 781 1591 819 vestre
1627 781 1871 821 sanctitati

101 848 375 888 fidelitatem
410 847 634 888 illibatam
679 849 927 888 servarunt
972 849 1019 887 et
1064 847 1222 888 multis
1256 849 1447 898 propter
1490 862 1576 890 vos
1620 862 1669 891 se
1716 851 1873 892 obices

102 922 359 970 posuerunt
393 920 441 960 et
474 931 523 960 se
559 919 841 969 obtulerunt,
877 919 913 958 si
948 918 1082 959 vobis
1122 919 1342 970 placeret,
1376 921 1734 961 renunciaturos
1776 923 1873 962 suis

101 989 306 1030 statibus
342 1021 350 1029 .
385 1022 393 1030 .
429 1021 437 1030 .

249 1071 374 1112 Visis
407 1072 561 1123 igitur,
607 1072 881 1113 beatissime
916 1074 1062 1123 pater,
1108 1072 1499 1123 omnibus-supra
1534 1076 1783 1126 contentis,
1829 1071 1872 1109 Θΐ

102 1155 220 1194 equa
258 1143 459 1184 racionis
492 1143 624 1183 lance
657 1143 899 1186 discussis.
944 1143 1069 1183 dicta.
1110 1143 1268 1183 humili
1311 1144 1580 1185 reverencia
1616 1145 1763 1189 salva.
1809 1147 1874 1186 iu-

103 1214 287 1254 sticiam
337 1214 547 1254 continet
600 1214 761 1254 cedula
809 1214 1049 1264 sepedicta
1102 1216 1377 1264 presentata
1424 1217 1582 1255 vestre
1631 1217 1875 1257 sanctitati

104 1287 276 1325 octava
297 1282 501 1337 Marciia)
533 1285 742 1335 proxime
774 1285 906 1334 lapsi.
954 1284 1035 1324 Set
1067 1296 1151 1324 nec
1186 1286 1259 1325 est
1294 1285 1483 1326 silencio
1511 1286 1875 1339 relinquendum,

103 1356 229 1396 dicta
262 1355 531 1396 reverencia
564 1355 723 1396 humili
752 1357 989 1406 preeunte,
1025 1355 1146 1405 quod
1177 1355 1222 1395 in
1255 1356 1382 1396 dicta
1410 1356 1572 1397 cedula
1604 1369 1696 1398 non
1730 1359 1875 1398 nomi-

103 1428 275 1467 nantur
306 1428 359 1467 ut
398 1427 724 1477 protestantes
759 1428 839 1467 aut
881 1426 1031 1476 ipsam
1075 1427 1283 1468 cedulam
1328 1429 1658 1478 presentantes
1694 1429 1734 1469 d.
1771 1429 1876 1470 sub-

104 1493 376 1548 (111100111131)
416 1499 499 1538 aut
531 1497 572 1537 d.
607 1497 888 1537 Franciscus
931 1497 986 1538 de
1020 1497 1223 1549 Aranda,
1268 1500 1339 1537 set
1385 1497 1533 1538 solum
1578 1498 1686 1539 dicti
1732 1500 1877 1540 cardi-

104 1569 234 1609 nales
267 1570 320 1609 ut
350 1568 578 1609 facientes
613 1568 870 1619 collegium,
913 1580 996 1609 nec
1030 1581 1121 1609 non
1155 1569 1196 1609 d.
1232 1569 1397 1609 Petrus
1433 1568 1797 1610 Terraconensis
1832 1572 1876 1610 et

105 1639 320 1680 dominus
344 1638 624 1680 Franciscus
649 1638 1089 1690 Cesaraugustanus
1122 1640 1456 1690 archiepiscopi
1489 1640 1753 1681 nominibus
1782 1642 1879 1682 suis

105 1711 151 1750 et
200 1710 253 1750 ut
297 1712 630 1760 procuratores
679 1710 719 1750 d.
767 1709 946 1750 Alfonsi
996 1710 1199 1761 episcopi
1246 1710 1601 1751 palentinensis.
1674 1712 1740 1751 De
1789 1725 1878 1763 qua

106 1779 289 1830 quidem
312 1780 648 1829 procuracione
673 1780 729 1820 ad
753 1780 904 1821 dictos
930 1780 1189 1821 cardinales
1213 1780 1348 1821 fidem
1373 1780 1528 1821 facere
1562 1793 1653 1822 non
1679 1784 1877 1832 spectat.

106 1849 309 1891 Credunt
341 1852 514 1902 tamen,
549 1851 669 1902 quod
702 1851 811 1891 dicti
846 1851 1183 1902 archiepiscopi
1206 1852 1376 1892 bonam
1412 1864 1552 1902 super
1583 1852 1669 1893 hoc
1703 1853 1877 1893 dabunt

105 1921 354 1972 racionem,
387 1921 442 1961 de
470 1921 595 1961 dicto
630 1923 785 1961 autem
822 1921 1172 1972 archiepiscopo
1199 1921 1611 1972 Cesaraugustano
1646 1923 1709 1963 rei
1744 1926 1879 1974 geste

105 1992 283 2032 veritas
326 1991 393 2031 sic
428 2003 478 2032 se
517 1991 672 2043 habet,
716 1991 837 2042 quod
869 1992 969 2042 ipse
1012 2004 1102 2032 una
1146 2004 1249 2032 cum
1290 1992 1602 2033 cardinalibus
1645 1995 1692 2033 et
1733 1994 1880 2035 archi-

106 2062 325 2113 episcopo
374 2061 712 2102 Terraconensi
737 2049 740 2051 ’
767 2061 851 2102 11111
908 2063 1234 2113 conordinans,
1288 2065 1513 2114 reputans
1568 2063 1653 2104 sibi
1707 2065 1879 2105 dictam

107 2132 318 2174 cedulam
340 2133 672 2183 necessariam,
707 2134 757 2173 ut
785 2133 921 2173 alteri
955 2133 1227 2184 cuicumque
1249 2146 1463 2185 persone,
1496 2146 1548 2174 ac
1574 2135 1709 2175 simul
1734 2136 1880 2176 eciam

107 2205 267 2243 vestre
292 2203 536 2243 sanctitati
562 2202 763 2244 offerens
789 2204 999 2244 cedulam
1029 2204 1363 2255 supradictam,
1397 2207 1449 2245 ut
1478 2207 1666 2245 constat
1691 2208 1882 2246 aucten-

107 2274 213 2314 ticis
255 2273 562 2325 documentis,
608 2274 741 2325 unde,
786 2274 823 2314 si
862 2275 961 2325 ipse
1004 2274 1063 2314 ibi
1097 2275 1367 2315 nominatur
1408 2275 1530 2315 inter
1563 2276 1679 2316 alios
1714 2277 1882 2327 suppli-

109 2345 286 2396 cantes,
320 2344 634 2395 00113111011103,
668 2345 960 2395 requirentes
994 2348 1041 2385 01
1074 2347 1414 2396 protestantes,
1448 2346 1539 2386 ulla
1571 2346 1704 2396 culpa
1737 2347 1882 2387 cardi-

107 2414 290 2455 nalibus
343 2416 390 2455 et
443 2415 793 2465 archiepiscopo
849 2415 1186 2456 Terraconensi
1247 2416 1470 2466 predictis
1523 2418 1597 2456 est
1650 2417 1882 2458 ullatenus

110 2485 417 2535 imputanda‘.>
450 2485 564 2525 Post
586 2486 992 2535 presentacionem
1019 2487 1176 2526 autem
1200 2486 1322 2526 dicte
1347 2486 1505 2527 cedule
1530 2486 1703 2527 factam
1727 2489 1884 2528 vestre

111 2555 356 2595 sanctitati
390 2555 444 2595 de
476 2556 756 2607 variacione,
792 2557 993 2607 siquam
1027 2556 1137 2597 fecit
1170 2557 1322 2597 dictus
1348 2556 1803 2610 CesaraugustanuS,
1838 2561 1885 2599 et

111 2625 166 2665 de
208 2625 347 2666 inodo
390 2628 437 2666 et
471 2638 616 2666 causa
655 2627 776 2668 dicte
809 2627 1091 2668 variacionis
1133 2639 1226 2668 non
1259 2628 1479 2678 pertinuit
1524 2629 1581 2668 ad
1624 2629 1884 2670 cardinales

112 2696 161 2736 et
194 2694 590 2736 Terraconensem
634 2697 868 2746 predictos
912 2697 1081 2748 aliquid
1124 2697 1326 2738 scribere
1370 2700 1451 2739 aut
1492 2699 1537 2738 in
1581 2699 1743 2740 cedula
1784 2700 1885 2750 ipsa

112 2767 312 2818 mutare,
359 2778 463 2807 cum
505 2767 599 2807 ista
642 2767 699 2808 ad
743 2767 946 2808 officium
991 2769 1232 2808 secretarii
1275 2769 1481 2809 eiusdem
1526 2770 1797 2810 sanctitatis
1840 2772 1887 2810 et

115 2836 307 2877 alterius
356 2836 620 2878 tabellionis
665 2837 830 2888 publici
878 2838 920 2877 in
970 2838 1191 2888 predictis
1241 2839 1431 2879 adhibiti
1480 2842 1763 2892 spectarent,
1813 2841 1886 2891 qui

234 2996 267 3029 a)
288 2996 331 3024 So
352 2997 434 3031 irriy
452 2998 528 3024 stall
549 2996 707 3024 Febrnctr.

239 3055 263 3100 ¹)
289 3057 330 3090 P.
359 3059 404 3091 (Ie
434 3057 622 3092 Gemellis.
