2178 3404
267 170 352 212 (360
577 179 637 211 lv,
666 177 886 211 Absclmitt.
937 175 1013 208 Der
1041 175 1368 217 Scliristencyclus
1396 185 1463 207 zur
1489 172 1727 216 Papstwalil.

385 290 508 330 Data
524 285 554 337 1)
577 287 647 327 die
672 285 872 326 XXVIII.
893 285 998 324 Maii
1024 284 1128 324 anni
1148 281 1463 323 M(‘*(ss¹('(“'XV.:
1490 281 1806 323 sacrosancta
1830 283 2039 334 synodus

267 360 497 412 generalis
522 357 904 399 (Tonstancionsis
930 356 1218 405 congregata
1243 354 1299 394 ad
1324 353 1519 404 facilius,
1543 353 1730 394 liberius
1756 385 1763 393 .
1790 385 1796 392 .
1824 385 1831 393 .
1856 365 2039 404 quoquo

269 432 418 472 modo.
482 430 605 470 Data
648 430 815 478 quarto
859 427 930 466 die
970 425 1076 466 Julii
1123 425 1328 466 eiusdem
1377 425 1505 465 anni:
1557 425 1873 465 Sacrosancta
1920 456 1928 463 .
1975 455 1983 464 .
2031 455 2039 463 .

268 503 326 543 Ut
359 501 554 542 ecclesie
588 499 669 539 Dei
703 511 757 538 eo
792 498 971 549 melius,
1007 497 1247 546 sincerius,
1284 496 1493 536 securius
1528 495 1830 545 provideatur
1865 527 1872 535 .
1909 526 1916 534 .
1952 526 1960 534 .
1994 496 2041 534 et

270 573 411 614 verbo
446 571 573 621 regio
609 570 724 610 velle
758 568 913 609 facere
946 568 1032 608 hoc
1068 567 1328 618 promittat.

391 643 454 682 Ex
497 646 660 682 tenore
708 652 818 680 vero
862 639 1090 680 dictorum
1135 638 1429 679 decretorum
1475 637 1575 677 luce
1622 637 1790 678 clarius
1834 639 2042 688 apparet,

269 714 389 766 quod
433 713 594 754 cedula
636 712 675 751 d.
712 711 1011 751 cardinalium
1047 709 1091 748 in
1130 709 1253 749 nullo
1297 708 1517 758 predictis
1558 708 1852 759 contradicit,
1896 703 2042 758 primo

269 786 373 836 quia
410 785 603 835 primum
641 782 878 822 decretum
913 781 1134 831 continet,
1178 779 1299 830 quod
1331 792 1422 820 non
1469 780 1748 830 procedatur
1791 779 1846 819 ad
1887 779 2043 819 electi-

270 869 402 897 onem
430 855 623 895 Romani
663 853 892 904 pontificis
924 853 1022 892 sine
1047 851 1385 891 deliberacione
1419 853 1462 890 et
1496 862 1727 891 consensu
1761 850 1896 890 huius
1921 849 2043 889 sacri

271 928 464 978 concilii,
511 938 646 976 quam
690 924 1074 964 ‹leliberacionem
1117 924 1158 962 et
1211 934 1488 962 consensum
1537 933 1759 971 expresse
1806 920 2045 970 requirunt

271 1000 310 1039 d.
349 997 608 1039 cardinales
643 996 684 1036 in
722 995 884 1035 cedula
918 1006 1016 1044 sua7
1060 994 1174 1034 sicut
1224 1005 1305 1043 per
1346 995 1553 1032 tenorem
1591 992 1713 1031 dicte
1754 991 1911 1031 cedule
1947 991 2045 1031 luce

272 1070 442 1111 clarius
477 1079 702 1119 apparere
737 1068 909 1116 potest7
944 1067 987 1104 et
1022 1065 1110 1104 iam
1147 1064 1272 1104 dicta
1301 1063 1461 1103 cedula
1496 1074 1576 1113 per
1604 1063 1826 1103 maiorem
1864 1064 2044 1112 partem

273 1141 392 1182 sacri
430 1139 606 1181 concilii
642 1140 709 1178 est
751 1137 941 1178 laudata
975 1138 1019 1176 et
1058 1135 1332 1186 approbata*
1369 1134 1473 1184 quia
1508 1134 1655 1184 primo
1692 1146 1771 1184 per
1802 1134 2043 1181 collegium

273 1212 585 1263 predicttuaml
622 1210 662 1249 d.
698 1208 1016 1258 cardinalium,
1062 1207 1134 1257 qui
1180 1209 1284 1246 sunt
1335 1218 1441 1256 pars
1485 1205 1706 1245 notabilis
1748 1205 1883 1245 huius
1925 1205 2047 1245 sacri

273 1283 466 1327 concilii,
500 1284 543 1321 et
570 1293 650 1331 per
684 1280 903 1320 naciones
929 1278 1136 1328 Francie,
1171 1278 1300 1317 ltalie
1328 1278 1368 1316 et
1402 1276 1621 1326 Hispanie
1645 1278 1716 1315 est
1754 1275 2050 1316 concorditer

273 1353 545 1404 approbata.
612 1352 664 1391 Et
702 1351 877 1401 petitur
910 1361 990 1400 per
1028 1349 1262 1389 residuum
1309 1347 1486 1388 concilii
1531 1347 1752 1387 canonice
1786 1345 2047 1396 approbari.

392 1425 504 1464 Item
543 1424 583 1462 in
621 1422 824 1462 secundo
862 1421 1052 1461 decreto
1088 1422 1197 1459 sunt
1232 1408 1389 1469 verba,
1435 1430 1521 1468 que
1556 1419 1835 1467 sequuntur:
1884 1418 2048 1457 Sacro-

274 1498 440 1536 sancta
477 1527 483 1534 .
519 1527 526 1534 .
563 1527 570 1534 .
607 1492 875 1533 ordinandis
910 1494 997 1533 etc.

394 1567 505 1606 Item
543 1564 714 1604 domini
759 1563 1019 1604 cardinales
1063 1561 1255 1613 predicti
1301 1561 1343 1600 in
1388 1572 1474 1600 sua
1517 1559 1676 1600 cedula
1720 1559 1928 1610 predicta
1964 1558 2050 1599 hoc

274 1649 494 1688 expresse
529 1635 769 1686 requirunt
802 1636 845 1674 et
879 1634 1142 1684 exprimunt
1181 1632 1365 1672 modum
1396 1633 1442 1671 et
1466 1631 1664 1671 formam
1691 1629 1967 1680 procedendi
1993 1630 2049 1669 ad

274 1709 546 1749 electionem
592 1706 733 1746 futuri
771 1705 964 1746 Romani
1009 1703 1242 1754 pontificis
1286 1703 1471 1749 iustam,
1516 1703 1729 1742 sanctam
1774 1703 1818 1740 et
1865 1701 2051 1741 canoni-

277 1792 377 1820 cam
413 1781 456 1818 et
493 1789 573 1828 per
608 1777 828 1816 maiorem
864 1776 1043 1826 partem
1082 1774 1259 1814 concilii
1295 1773 1576 1813 unanimiter
1611 1771 1915 1822 approbatam
1954 1803 1961 1811 .
1998 1803 2005 1811 .
2042 1803 2049 1810 .

281 1851 323 1890 ln
358 1850 481 1890 nullo
516 1860 626 1895 ergo
661 1848 931 1897 discrepant
965 1846 1173 1896 predicta
1207 1845 1397 1885 decreta
1425 1856 1451 1883 a
1475 1843 1637 1883 cedula
1671 1842 1711 1882 d.
1748 1842 2048 1882 cardinalium

275 1921 588 1972 predictorum
615 1921 657 1959 et
686 1930 765 1969 per
789 1929 1094 1967 consequens,
1119 1916 1157 1956 si
1183 1916 1400 1956 credatur
1419 1915 1639 1960 dictumst)
1662 1925 1815 1964 regem
1842 1913 2052 1963 predicta

275 1993 465 2032 decreta
498 1991 694 2039 iurassm
729 1990 770 2028 in
806 1988 929 2028 nullo
965 1990 1089 2028 errat
1117 1986 1417 2038 approbando
1448 1985 1655 2025 cedulam
1683 1984 1723 2024 d.
1749 1983 2050 2024 cardinalium

276 2063 604 2113 predictorum.
659 2060 709 2099 Et
745 2062 813 2099 est
853 2060 966 2098 bene
1002 2057 1336 2099 advertendum
1373 2056 1429 2096 ad
1457 2055 1599 2096 verba
1634 2055 1826 2105 predicti
1862 2053 2050 2094 secundi

276 2133 463 2183 decreti,
499 2144 600 2172 cum
627 2128 864 2177 (licitul·:'-')
899 2129 1111 2180 quodque
1140 2140 1324 2169 sacrum
1359 2127 1603 2167 concilium
1638 2138 1728 2166 non
1764 2125 2053 2165 dissolvatur

277 2207 380 2253 eth
415 2204 560 2243 donec
594 2201 856 2242 huiusmodi
891 2201 1055 2241 electio
1085 2200 1225 2240 fuerit
1259 2197 1508 2247 celebrata3
1543 2199 1590 2237 et
1623 2197 1681 2237 ad
1715 2196 1801 2236 hoc
1836 2196 2055 2235 hortatur

277 2287 462 2315 sacrum
519 2273 759 2314 concilium
812 2274 1020 2311 vestram
1076 2271 1391 2320 maiestatem7
1445 2268 1566 2318 quod
1615 2267 1672 2307 ad
1726 2267 1812 2307 hoc
1868 2278 2050 2306 omnem

278 2358 464 2396 operam
491 2344 747 2384 efficaciter
770 2342 1021 2392 impendat„
1056 2344 1099 2382 et
1126 2342 1168 2381 in
1196 2340 1336 2381 verbo
1362 2340 1488 2389 regio
1514 2338 1630 2378 velle
1662 2338 1816 2378 facere
1841 2337 1926 2377 hoc
1952 2349 2053 2387 pro-

278 2417 453 2466 mittat,
499 2415 708 2455 videlicet
746 2413 866 2464 quod
901 2413 1143 2454 concilium
1179 2424 1268 2451 non
1309 2411 1612 2459 dissolvatur,
1656 2409 1760 2459 quia
1795 2408 1849 2447 de
1885 2407 2053 2447 ceteris

280 2486 514 2527 contentis
548 2486 589 2525 in
633 2485 822 2525 decreto
857 2496 945 2523 non
992 2485 1146 2534 potest
1184 2495 1267 2522 nec
1303 2481 1438 2521 debet
1473 2481 1626 2521 dictus
1661 2480 1700 2519 d.
1736 2479 2052 2519 Romanorum

278 2570 361 2597 rex
386 2569 435 2596 se
470 2556 785 2596 intromittere
809 2567 993 2605 quoquo
1028 2554 1179 2594 modo.
1213 2553 1316 2603 quia
1343 2552 1463 2592 sacri
1494 2563 1698 2592 canones
1722 2550 1807 2590 hoc
1842 2548 1926 2589 sibi
1953 2560 2054 2598 pro·

279 2628 451 2677 hibent,
471 2628 514 2666 in
535 2641 572 2667 c.
609 2627 701 2666 Nos
722 2626 776 2666 ad
797 2625 929 2665 tidem
951 2628 997 2665 et
1013 2624 1225 2675 sequenti
1248 2622 1399 2663 xcvi.
1419 2619 1529 2673 diff)
1548 2634 1654 2674 ymo
1675 2620 1857 2671 quando
1879 2620 2054 2659 tracta-

281 2702 356 2739 tur
375 2698 429 2738 de
453 2698 679 2738 electione
700 2696 894 2736 Romani
921 2696 1167 2746 pontilicis,
1200 2707 1290 2734 non
1312 2694 1449 2733 debet
1467 2693 1704 2744 predictus
1725 2690 2054 2731 serenissimus

281 2769 596 2810 Romanorum
643 2780 722 2808 rex
767 2767 1092 2818 quoquomodo
1137 2767 1379 2815 interesse.7
1422 2766 1473 2804 ut
1515 2764 1559 2803 in
1602 2762 1776 2803 iuribus
1820 2760 2053 2811 predictis.

401 2910 431 2937 a)
455 2905 561 2939 lx'iinigs
582 2913 647 2932 nur
666 2905 698 2931 iu
720 2904 779 2930 don
803 2904 959 2932 Delfi-etei}
980 2904 1131 2937 ςμηιαηηί,
1175 2902 1218 2928 (ΙΙ)
1241 2901 1409 2927 (lominum
1431 2901 1507 2926 stult
1528 2899 1680 2925 dictum?

404 2967 428 3009 ¹)
462 2966 539 3008 Καὶ.
570 2966 700 2999 namt
731 2966 785 2998 Ji*
809 2966 880 2998 282
903 2965 931 3007 f.
959 2965 1044 2997 med
1070 2966 1140 2997 :275
1165 2964 1192 3005 f.
1241 2964 1309 2996 Die
1336 2961 1608 3003 Datmnfchler
1635 2960 1727 2993 habe
1756 2959 1808 2993 ich
1837 2958 2054 2999 korriflicrt.

401 3026 428 3067 ²¹)
456 3020 756 3065 ])(18'l¹'‹›luemlc
782 3025 887 3057 *niz-let
915 3025 1096 3057 ‘irorllicln

403 3084 429 3123 ³)
461 3085 551 3117 Ilist.
581 3086 626 3117 90·
651 3094 676 3117 c.
705 3086 730 3116 2
756 3084 838 3116 um]
864 3086 894 3115 3.
