2178 3404
602 198 822 232 Gutachten
851 198 919 232 des
949 199 1157 233 Kardinals
1186 210 1260 232 von
1290 198 1460 232 Rheims,
1823 189 1908 229 (¹⁵59

143 308 273 359 Quod
297 309 334 348 si
359 309 508 349 maior
530 319 750 348 numerus
776 308 1037 358 adderetur,
1070 308 1202 358 plane
1226 310 1386 358 posset
1413 308 1513 358 dici,
1548 307 1667 357 quod
1695 309 1908 357 potestas

141 379 335 429 eligendi
369 379 426 419 ab
460 378 573 429 ipsis
607 380 919 429 amoveretur,
954 390 1009 417 ex
1038 390 1126 428 quo
1162 379 1486 427 contingerent
1519 377 1909 427 inconveniencia,

143 449 197 489 (le
242 449 407 500 quibus
453 460 595 499 supra
641 450 819 488 tactum
867 451 952 488 est.
1019 448 1072 488 Et
1121 449 1379 499 supposito,
1429 449 1549 499 quod
1596 448 1911 489 indubitanter

141 520 305 561 electio
340 521 580 570 spectaret
614 519 671 559 ad
715 531 898 559 sacrum
945 519 1203 569 concilium,
1250 510 1407 559 tamen
1451 532 1531 570 pro
1575 519 1695 559 bono
1732 519 1911 560 unionis

144 591 328 631 brevius
361 590 570 630 habende
604 592 734 630 esset
770 590 1104 641 necessarium,
1149 589 1269 640 quod
1310 590 1548 630 concilium
1596 591 1912 630 committeret

142 661 368 712 aliquibus
402 661 445 700 in
480 661 662 701 modico
697 672 889 701 numero
921 662 1206 711 potestatem
1244 661 1438 711 eligendi
1472 674 1655 712 papam,
1699 661 1803 711 quia
1837 661 1910 700 11111

141 732 388 773 multitudo
412 731 472 771 ibi
497 743 606 782 sepe
631 730 857 781 confusio,
881 733 929 771 et
952 731 1054 771 inde
1074 732 1184 771 (licit
1204 731 1508 781 Aug-ustinus,
1533 732 1667 782 quod,
1692 732 1729 771 si
1750 734 1913 782 posset

141 803 253 853 fieri,
312 802 433 854 quod
487 802 653 852 singuli
708 802 951 852 diligenter
1007 802 1424 853 interrogarentur,
1484 804 1556 842 tot
1609 803 1912 843 diversitates

143 874 407 924 opinionum
432 873 647 924 forsitan,
672 875 785 923 quot
808 873 1019 913 homines
1044 873 1362 913 invenirentur
1385 874 1427 912 in
1455 887 1490 913 c.
1536 874 1660 913 Sicut
1688 874 1729 912 in
1756 886 1912 914 sacra-

142 944 312 984 mentis
356 944 412 983 di.
447 940 563 995 111.¹)
605 946 651 984 et
685 944 802 994 inde,
846 943 954 984 licet
998 944 1119 984 sacri
1163 955 1367 984 canones
1407 944 1679 984 electionem
1726 944 1911 994 ipsoran

142 1014 238 1055 fieri
273 1014 439 1055 debere
472 1026 553 1066 per
587 1015 757 1055 clerum
796 1016 843 1054 et
876 1014 1092 1065 populum
1128 1014 1463 1065 decrevissent,
1498 1015 1540 1054 in
1577 1027 1613 1054 c.
1665 1015 1910 1055 Sacrorum

142 1085 292 1126 LXIII.
327 1082 446 1137 di.,²)
480 1085 778 1136 postmodum
817 1085 1065 1135 ordinavit,
1101 1085 1221 1135 quod
1257 1085 1313 1125 ad
1343 1086 1593 1135 capitulum
1631 1085 1778 1125 solum
1817 1098 1914 1135 per-

141 1157 292 1197 tineat
323 1156 488 1197 electio
522 1156 564 1195 in
600 1156 776 1196 iuribus
811 1155 1148 1203 communibus,
1184 1158 1228 1195 et
1265 1158 1377 1205 puto
1407 1156 1525 1206 quod
1557 1156 1745 1204 segnius
1780 1168 1914 1206 expe-

143 1227 274 1267 diunt
327 1227 580 1268 commissa
640 1227 834 1276 negocia
898 1226 1065 1276 plures.
1151 1226 1203 1266 Et
1267 1226 1601 1277 advertatur,“¹)
1654 1227 1774 1277 quod
1828 1227 1914 1267 hoc

147 1298 389 1338 concilium
425 1300 500 1337 est
532 1297 604 1338 hic
638 1297 953 1347 principaliter
988 1299 1320 1348 congregatum
1359 1299 1547 1347 propter
1579 1298 1682 1348 duo,
1727 1300 1916 1348 propter

143 1368 447 1409 deiectionem
483 1368 606 1408 Petri
649 1368 703 1408 de
738 1368 864 1408 Luna
906 1367 1162 1408 efficaciter
1204 1368 1462 1408 faciendam
1508 1370 1551 1407 et
1588 1370 1777 1418 propter
1820 1368 1914 1407 uni-

144 1450 279 1479 onem
333 1438 659 1490 Hispanorum,
714 1442 762 1479 et
814 1439 935 1490 quod
987 1439 1081 1479 ista
1134 1439 1223 1479 (1110
1281 1438 1537 1479 efficaciter
1591 1439 1917 1489 consequimur

146 1509 467 1560 amplectendo
503 1509 709 1550 cedulam
746 1510 1018 1560 predictam.
1084 1509 1273 1559 Hispani
1309 1510 1428 1549 enim
1465 1509 1587 1549 clare
1621 1510 1836 1549 dixerunt
1869 1511 1916 1548 et

145 1579 317 1630 dicunt,
349 1580 483 1631 quod,
517 1580 767 1620 dummodo
793 1580 955 1620 cedula
978 1580 1188 1630 predicta
1213 1592 1292 1630 per
1316 1580 1402 1619 hoc
1427 1592 1610 1620 sacrum
1639 1575 1914 1631 [concilium]

145 1652 431 1701 acceptetur,
477 1651 629 1701 parati
673 1653 782 1691 sunt
828 1651 884 1691 ad
930 1651 1203 1691 eiectionem
1243 1651 1362 1690 Petri
1407 1651 1461 1690 (le
1506 1651 1630 1690 Luna
1674 1650 1916 1700 providere

144 1721 403 1772 nobiscum,
452 1733 538 1772 que
587 1722 752 1762 eiectio
802 1722 1033 1762 modicam
1086 1724 1240 1772 potest
1292 1721 1461 1762 habere
1510 1721 1766 1761 efficaciam
1819 1721 1916 1760 sine

145 1792 274 1842 ipsis,
309 1792 415 1842 quia
439 1804 525 1832 nos
550 1792 605 1832 de
629 1793 856 1832 eiectione
881 1793 1039 1843 ipsius,
1073 1793 1160 1832 nisi
1185 1794 1375 1843 propter
1398 1792 1714 1832 reductionem
1741 1804 1915 1842 eorum,

146 1874 238 1903 non
273 1874 506 1904 curamus.
572 1863 630 1903 Et
663 1863 748 1913 ipsi
784 1866 889 1914 post
925 1864 1141 1904 unionem
1176 1864 1219 1903 in
1255 1863 1468 1903 omnibus
1504 1875 1583 1913 per
1611 1863 1695 1903 hoc
1731 1874 1915 1903 sacrum

147 1934 390 1974 concilium
437 1934 733 1985 expediendis
778 1934 1020 1974 nobiscum
1065 1934 1346 1974 unanimiter
1389 1935 1682 1984 concurrent,
1728 1935 1774 1973 et
1809 1935 1917 1973 tunc

148 2005 236 2044 erit
298 2017 438 2045 unum
493 2005 612 2045 ovile
666 2006 711 2044 et
776 2016 894 2045 unus
958 2011 1135 2055 pastor,
1199 2005 1330 2045 iuxta
1395 2004 1583 2044 verbum
1650 2004 1919 2053 salvatoris,

144 2075 372 2116 Johannis
407 2075 459 2115 X.
475 2072 506 2127 3)
569 2076 688 2116 Ymo
724 2078 972 2126 postquam
1010 2078 1375 2126 acceptzwerunt
1418 2075 1625 2115 cedulam
1663 2074 1916 2124 predictam

145 2148 192 2186 et
243 2146 457 2186 viderunt
504 2158 605 2187 eam
662 2148 956 2197 acceptatam
1009 2159 1088 2197 per
1137 2146 1379 2196 collegium
1431 2145 1721 2185 dominorum
1773 2144 1919 2185 cardi-

146 2216 319 2257 nalium
369 2219 415 2257 et
464 2217 580 2257 duas
629 2217 851 2258 naciones
902 2217 1094 2258 Francie
1140 2219 1187 2257 et
1234 2217 1376 2267 Italie,
1425 2228 1510 2266 que
1559 2215 1692 2255 simul
1744 2214 1918 2254 faciunt

146 2286 374 2327 maiorum
409 2289 588 2338 partem
626 2288 819 2337 concilii,
862 2299 912 2327 se
947 2288 1208 2328 univerunt.
1274 2286 1562 2326 Advertatm·
1595 2286 1755 2335 eciam,
1799 2284 1918 2334 quod

147 2357 296 2397 maior
340 2370 449 2408 pars
489 2360 536 2398 et
575 2358 825 2398 notabilior
870 2358 1004 2397 huius
1049 2358 1226 2397 concilii
1271 2358 1313 2396 in
1361 2357 1565 2407 predicta
1612 2355 1772 2396 cedula
1813 2366 1919 2393 con-

151 2428 310 2468 sentit.
376 2428 434 2468 Et
469 2429 617 2478 turpis
652 2431 726 2468 est
762 2440 883 2479 111113Ἴ
927 2441 1013 2478 que
1049 2441 1132 2468 suo
1167 2440 1256 2468 non
1293 2428 1505 2477 congruit
1551 2427 1768 2466 universo
1804 2425 1845 2464 in
1882 2438 1918 2464 c.

149 2497 245 2547 Que
291 2501 455 2539 contra
500 2510 656 2539 mores
692 2498 802 2538 VIII.
849 2496 966 2548 ‹li.,⁴)
1011 2511 1118 2550 ymo
1165 2499 1238 2548 qui
1286 2498 1562 2538 societatem
1607 2496 1919 2537 fraternitatis

150 2568 302 2618 aliqua
335 2569 564 2609 discordie
597 2571 729 2619 peste
765 2570 1123 2617 commaculant,
1158 2570 1319 2619 Deum,
1359 2569 1431 2618 qui
1468 2569 1642 2608 caritas
1677 2569 1764 2617 est,
1800 2567 1921 2606 sicut

147 2638 310 2689 Judas,
335 2639 549 2689 produnt.
606 2639 865 2680 Attendant
895 2640 1038 2679 eciam
1067 2640 1413 2679 dominacitmes
1445 2639 1499 2678 ad
1527 2641 1734 2678 tenorem
1765 2638 1920 2677 decre-

150 2711 302 2749 torum
338 2709 474 2749 huius
509 2711 629 2750 sacri
665 2711 858 2755 concilii,
892 2711 965 2760 qui
1001 2710 1104 2750 huic
1140 2710 1381 2750 inseritur:

268 2846 300 2878 a)
320 2846 368 2871 Hs
390 2846 616 2872 advertatum.

272 2905 295 2949 ¹)
323 2907 420 2941 Dist.
447 2909 479 2942 4.
505 2919 533 2941 c.
560 2908 637 2940 151.

269 2963 296 3007 2)
326 2966 422 2999 Dist.
449 2967 495 2999 63
520 2977 546 2999 e.
573 2967 628 2999 34.

270 3022 297 3065 3)
324 3024 409 3057 Joh.
437 3026 490 3066 10vv
518 3026 572 3058 16.

270 3082 297 3123 4)
324 3083 419 3117 De‘st.
446 3086 470 3117 8
494 3094 521 3117 c.
548 3085 581 3116 2.

1625 3143 1706 3182 42*
