2178 3404
298 141 384 181 440
652 149 713 181 III.
742 148 960 181 Absclmitt.
1012 147 1202 180 Benedikt
1231 146 1329 179 XIII.
1357 147 1434 179 und
1464 147 1534 180 das
1561 147 1711 181 Konzil.

297 267 418 322 (187)
445 269 670 311 Beneficii-t
702 268 835 309 XIII.
870 268 1029 309 ordnet
1061 281 1144 308 zm·
1182 267 1648 320 ἶῐγὶρτῖωῃωυὶη1111119
1679 269 1761 309 der
1793 269 2073 311 hit-chlichen.

445 340 629 381 Elulzeit
653 339 980 380 Prozesse'oncn
1001 340 1102 379 med
1122 337 1300 379 Mes-sen
1327 351 1403 379 (ιη.
1468 337 1682 379 Valentem
1715 341 1823 380 1415
1843 340 1947 381 Juh‘
1966 338 2072 391 18¹)

416 421 523 459 Rom,
557 420 683 454 Vam:
713 419 865 456 Archiv.
893 419 979 461 Ray.
1008 419 1194 453 Avenion.
1223 420 1269 452 68
1293 419 1320 461 f.
1348 420 1405 452 37.

416 494 655 535 Universis
681 492 1065 533 Ulnistifidelibus
1089 495 1334 543 presentes
1359 493 1542 533 litteras
1566 493 1847 543 inspecturis
1873 494 2072 535 salutem

298 568 386 607 etc.
452 564 676 614 Quamvis
710 564 914 604 humana
949 563 1176 603 demerita
1218 564 1262 603 in
1297 564 1553 604 vindictam
1599 564 1670 604 sui
1716 576 1825 615 sepe
1869 564 2071 605 divinam

299 637 526 678 ulcionem
560 646 819 686 provocare
852 636 1124 684 noscantur,
1165 634 1366 675 fidelium
1413 637 1572 675 tamen
1614 637 1727 676 vota
1773 636 1847 685 pia
1894 647 2074 686 quoque

298 707 525 758 suffragia
570 699 727 757 sepius
775 706 900 746 illam
948 705 1161 756 placcare
1209 706 1480 746 didiscimus
1521 705 1767 756 facereque
1816 706 2074 757 benignam.

299 777 411 819 Cum
454 778 610 828 itaque
653 777 832 817 diucius
875 778 1042 817 sancta
1082 779 1235 817 mater
1280 777 1477 817 ecclesia
1523 777 1748 817 sevientis
1793 777 1928 818 huius
1974 789 2075 828 per-

297 849 463 890 niciosi
497 848 737 889 scismatis
772 847 942 888 defleat
976 848 1132 888 ulcera
1166 860 1397 898 sevasque
1432 848 1682 899 scissuras,
1716 859 1799 898 pro
1824 848 1954 889 cuius
1979 848 2075 888 uni-

298 920 414 961 tatis
447 921 495 960 et
527 919 656 970 pacis
690 919 964 969 integritate
997 918 1232 969 captanda
1266 931 1369 959 cum
1405 919 1650 959 carissimo
1684 919 1729 958 in
1764 918 1950 960 Christo
1983 919 2075 960 filio

297 993 462 1032 nostro
497 990 788 1031 Ferdinando
831 1002 939 1040 rege
986 989 1257 1040 Aragonum
1300 989 1468 1030 illustri
1515 1001 1682 1030 versus
1729 989 2075 1040 Sigismundum

297 1073 454 1112 regem
510 1061 683 1102 dictum
734 1061 1049 1101 Romanorum
1105 1060 1335 1101 illustrem
1391 1060 1679 1111 accingimus
1732 1072 1818 1101 nos
1869 1061 1926 1101 ad
1974 1061 2076 1113 iter,

299 1134 546 1183 sperantes
580 1143 660 1183 per
683 1132 912 1172 visionem
938 1133 1150 1171 mutuam
1175 1131 1388 1171 obtatam
1415 1131 1602 1181 assequi
1626 1131 1821 1172 ecclesie
1846 1131 2077 1182 unionem,

298 1203 602 1244 devocionem
652 1204 862 1243 vestram
915 1204 1127 1243 ortamur
1176 1202 1220 1242 in
1269 1202 1466 1243 Domino
1517 1202 1818 1253 paternisque
1863 1202 2077 1253 precibus

297 1274 567 1325 invitamus,
591 1275 822 1324 quatenus
839 1272 1130 1313 venerabiles
1150 1272 1323 1313 fratres
1344 1273 1647 1314 ecclesiarum
1672 1273 1837 1324 prelati
1856 1274 1900 1313 in
1921 1273 2078 1314 cathe—

297 1344 502 1385 dralibus
537 1345 635 1385 suis
670 1344 904 1395 ceterique
950 1344 1210 1385 beneficiati
1243 1344 1287 1384 in
1329 1344 1587 1395 collegiatis
1622 1345 1693 1385 vel
1734 1344 2077 1395 parochialibus

298 1416 509 1456 ecclesiis
543 1427 624 1466 per
658 1416 878 1456 civitates
925 1418 973 1455 et
1005 1415 1108 1456 loca
1142 1427 1302 1455 eorum
1349 1416 1563 1467 insignia,
1607 1427 1854 1466 regnorum
1900 1415 2078 1456 scilicet

298 1488 346 1527 et
379 1488 611 1527 terrarum
658 1486 793 1526 nobis
839 1486 1156 1527 obediencium
1205 1488 1313 1536 post
1358 1486 1567 1527 habitam
1616 1487 1837 1527 noticiam
1886 1486 2077 1528 inferius

299 1557 599 1598 dicendorum
633 1558 677 1597 in
711 1558 860 1599 tribus
894 1556 1055 1598 diebus
1089 1558 1333 1599 dominicis
1368 1560 1449 1599 aut
1484 1559 1584 1599 aliis
1626 1558 1856 1609 precipuis
1897 1556 2078 1599 festivi-

297 1628 476 1669 tatibus
511 1631 609 1669 tres
643 1630 971 1679 processiones
1006 1629 1251 1682 generales
1285 1630 1570 1675 successive,
1604 1630 1648 1669 in
1683 1630 1848 1680 quibus
1885 1642 2077 1680 congre-

298 1701 411 1750 gato
447 1700 570 1741 clero
605 1702 653 1740 et
686 1701 855 1751 populo
903 1702 1160 1742 christiano
1207 1713 1289 1751 per
1336 1701 1567 1751 premissa
1617 1701 1718 1741 loca
1766 1703 1815 1741 et
1861 1702 2078 1742 civitates

299 1782 428 1812 more
462 1771 813 1822 processionum
862 1773 1147 1823 generalium
1195 1784 1298 1813 cum
1346 1772 1545 1823 letaniis,
1590 1773 1743 1824 ymnis
1789 1774 1837 1813 et
1883 1772 2078 1814 canticis

300 1841 492 1892 aliisque
511 1841 695 1883 devotis
718 1843 1015 1884 oracionibus
1035 1843 1235 1884 debeant
1260 1843 1495 1884 celebrare
1516 1843 1727 1894 quodque
1748 1846 1855 1894 post
1875 1844 1944 1884 vel
1971 1845 2079 1884 ante

299 1913 555 1963 quamlibet
588 1915 939 1964 processionum
974 1915 1237 1955 huiusmodi
1272 1914 1528 1955 solenniter
1561 1917 1607 1955 et
1641 1915 1810 1956 devote
1844 1915 1991 1955 missa
2025 1915 2079 1955 de

299 1984 467 2034 spiritu
502 1987 668 2025 sancto
705 1988 923 2026 cantetur
963 1998 1067 2027 cum
1114 1986 1320 2026 secunda
1366 1986 1598 2037 oracione,
1646 1997 1732 2036 que
1779 1986 1991 2037 sequitur
2036 1986 2079 2025 in

299 2054 370 2095 his
404 2055 584 2095 verbis:
619 2055 701 2101 Da,
737 2057 989 2107 quesimus,
1024 2057 1219 2098 ecclesie
1254 2059 1346 2098 tue.
1380 2057 1650 2097 misericors
1674 2057 1813 2107 Deus,
1838 2059 1890 2097 ut
1913 2057 2080 2107 spiritu

300 2128 468 2166 sancto
515 2129 799 2177 cooperante
845 2128 975 2168 unita
1024 2127 1183 2168 hostili
1228 2128 1494 2168 nullatenus
1540 2127 1806 2168 incursione
1852 2127 2079 2168 turbetur.

301 2197 386 2237 Per
418 2197 664 2238 Dominum
701 2200 912 2240 nostrum
948 2202 996 2239 et
1030 2201 1200 2240 cetera.
1266 2199 1320 2239 Et
1356 2211 1438 2249 pro
1479 2201 1688 2240 secreta:
1736 2198 1942 2240 Ecclesie
1987 2201 2080 2250 tue,

300 2268 551 2320 quesimus,
585 2269 795 2321 Domine,
830 2271 1026 2311 unitatis
1061 2273 1108 2311 et
1142 2271 1270 2321 pacis
1304 2270 1564 2321 prospicuis
1589 2271 1711 2311 dona
1745 2270 1959 2322 concede,
1994 2283 2081 2321 que

301 2339 385 2379 sub
421 2339 591 2381 oblatis
626 2342 895 2382 muneribus
931 2342 1114 2382 mistice
1148 2342 1468 2392 designantur.
1533 2341 1590 2382 Et
1623 2342 1807 2382 demum
1836 2354 1917 2392 pro
1952 2344 2080 2392 post-

302 2412 651 2452 communione:
689 2412 901 2454 Vivificet
936 2425 1038 2465 nos,
1074 2425 1342 2465 quesumus,
1377 2413 1585 2461 Domine.
1610 2413 1744 2453 liuius
1776 2413 2080 2463 participacio

301 2484 468 2524 sancta
509 2483 703 2524 misterii
751 2486 798 2524 et
846 2485 1023 2535 pariter
1071 2485 1267 2526 ecclesie
1314 2485 1490 2525 tribuat
1538 2485 1767 2525 unitatem
1814 2486 1861 2524 et
1903 2496 2079 2535 pacem.

302 2554 388 2594 Per
422 2550 683 2606 [Dominum
720 2558 935 2596 nostrum
970 2558 1017 2596 et
1052 2552 1240 2608 cetera]
1298 2555 1469 2596 Verum
1506 2558 1614 2606 post
1646 2556 1910 2596 oracionem
1935 2555 2080 2596 domi-

301 2625 453 2665 nicam
489 2626 735 2666 cuiuslibet
769 2626 997 2667 dictarum
1034 2627 1285 2667 missarum
1310 2627 1544 2677 psalmus:
1580 2626 1649 2667 Ad
1674 2628 1720 2667 te
1744 2626 1894 2666 levavi
1920 2626 2080 2667 oculos

302 2708 447 2747 meos,
482 2697 555 2747 qui
590 2696 777 2737 habitas
824 2697 867 2736 in
903 2697 1013 2737 celis
1031 2694 1062 2743 ²)
1096 2698 1334 2749 recitetur,
1381 2698 1424 2737 in
1470 2697 1558 2738 fine
1601 2697 1731 2738 cuius
1778 2698 1887 2747 post
1927 2695 2080 2737 Gloria

302 2767 422 2817 patri
448 2769 536 2808 etc.
571 2767 754 2808 dicatur
787 2768 1023 2808 antifona:
1058 2769 1129 2808 Da
1162 2780 1339 2820 pacem,
1374 2768 1583 2819 Domine,
1618 2769 1661 2808 in
1696 2768 1856 2808 diebus
1890 2767 2080 2813 nostris,

303 2838 409 2889 quia
442 2850 532 2879 non
568 2840 643 2879 est
677 2839 808 2891 alius,
849 2839 924 2889 qui
957 2842 1133 2889 pugnet
1178 2851 1260 2889 pro
1306 2840 1454 2890 nobis,
1500 2839 1588 2880 nisi
1635 2841 1699 2891 tu,
1745 2839 1869 2879 Deus
1903 2840 2078 2879 noster.

424 3001 448 3044 ¹)
476 3002 549 3036 Am
579 3002 678 3046 Tage
706 3014 772 3037 vor
797 3005 925 3038 &einer
951 3004 1104 3039 Abreae'se
1129 3003 1232 3039 ‘nach
1258 3004 1498 3047 Perpiymm.

422 3060 449 3097 2)
476 3062 537 3096 Ps.
566 3063 645 3101 122,
674 3064 705 3096 1.
