2178 3404
257 174 342 213 (548
565 182 626 214 IV.
656 181 874 214 Absclmitt.
928 181 1004 213 Der
1033 181 1361 223 selu-istencyclus
1389 192 1456 214 zur
1484 182 1720 224 Papstwahl.

257 292 374 331 hanc
412 291 683 341 perfectam,
717 289 869 329 nullus
903 289 1101 339 dubitat,
1137 290 1243 340 quia
1276 290 1333 330 ad
1368 290 1454 331 hoc
1498 293 1573 330 est
1615 293 1879 340 specialiter
1922 306 2028 333 con-

255 365 513 411 gregatum.
579 361 631 400 Et
668 360 770 400 ideo
805 360 859 399 de
894 360 990 400 iure
1026 360 1193 400 debent
1230 361 1460 411 pertinere
1501 366 1545 401 et
1588 363 1743 403 onmia
1787 365 1937 404 media
1982 368 2027 404 et

257 444 336 481 per
369 443 659 480 consequens
701 431 825 471 dicta
867 430 1048 481 electio,
1083 431 1205 481 quod
1245 431 1441 481 probant
1490 432 1590 472 iura
1638 433 1756 473 satis
1804 434 2028 484 vulgaria.

256 503 366 541 t'um
403 502 544 551 igitur
576 501 667 541 ista
704 501 865 542 cedula
906 501 1050 541 tacite
1084 513 1255 552 negare
1300 502 1483 542 videtur
1515 503 1787 543 electionem
1835 505 2029 545 totalem

255 577 298 611 et
336 572 547 612 totaliter
580 584 717 612 sacro
743 572 950 623 concilio7
984 573 1123 622 negat
1159 574 1203 612 et
1239 572 1360 622 illud.¹
1393 573 1515 623 quod
1548 585 1603 613 ex
1638 586 1693 614 ea
1727 575 1949 626 sequitur7
1984 578 2031 615 et

257 654 336 692 per
370 654 660 692 consequeus
695 645 769 683 est
804 642 1010 692 perfecte
1044 643 1226 683 unionis
1260 644 1495 693 negativa.

377 725 593 765 l'reterea
622 725 756 775 quoth
791 737 894 766 cum
930 737 1114 766 sacrum
1147 726 1389 766 concilium
1424 729 1495 766 est
1532 727 1731 767 medium
1757 728 1813 768 ad
1848 728 1950 779 hoc⁷
1979 731 2028 768 ut

255 798 479 845 sequatur
513 796 633 845 unio,
668 795 946 836 resormacio
981 798 1026 835 et
1062 795 1277 836 heresum
1303 797 1577 846 extirpacim
1612 798 1717 847 quia
1742 801 1933 848 propter
1956 798 2031 838 illa

255 866 341 905 tria
378 869 447 905 est
487 866 803 916 principaliter
836 869 1175 915 convocatum3
1219 867 1435 917 quidquid
1482 868 1622 917 igitur
1668 869 1847 908 resistit
1896 869 2030 909 alicui

254 936 418 976 medio.
454 937 552 976 sine
587 937 723 977 dubio
758 937 938 977 resistIt
974 940 1018 977 et
1061 936 1151 987 lini,
1192 937 1249 977 ad
1284 949 1417 988 quem
1461 938 1680 990 tenditur,
1727 939 1833 989 quia
1879 940 2031 980 media

253 1010 359 1046 sunt
400 1010 588 1057 propter
621 1008 771 1048 tinem.
838 1008 914 1048 set
958 1008 1143 1048 dubium
1180 1020 1270 1048 non
1311 1010 1398 1058 est,
1433 1008 1554 1058 quod
1588 1009 1679 1049 ista
1716 1009 1875 1050 cedula
1923 1023 2030 1051 con-

254 1077 442 1117 cludens
479 1078 663 1118 modum
711 1079 906 1128 eligendi
943 1079 1137 1119 Romani
1185 1078 1418 1129 pontilicis
1465 1082 1629 1120 contra
1676 1081 2027 1130 requisicionem

254 1148 431 1187 concilii
459 1149 527 1188 vel
553 1148 722 1189 saltem
748 1149 938 1189 maioris
963 1149 1111 1199 partis
1135 1149 1281 1199 ipsius
1306 1149 1481 1189 factam
1508 1150 1562 1189 de
1587 1151 1824 1191 contrario
1849 1152 2024 1192 resistit

254 1219 447 1259 concilio
482 1222 525 1259 et
561 1220 663 1260 ideo
688 1220 808 1260 sacri
836 1220 1014 1260 concilii
1039 1219 1292 1267 turbativa
1317 1231 1403 1270 que
1429 1220 1640 1261 turbacio
1666 1222 1783 1261 satis
1814 1223 2029 1272 apparuit,

253 1289 295 1328 in
315 1289 518 1339 pluribus
538 1290 783 1330 effectibus
804 1293 851 1331 et
870 1291 1142 1331 nacimiil›us
1162 1290 1205 1330 in
1224 1291 1417 1331 concilio
1434 1291 1569 1331 huius
1590 1292 1748 1332 cedule
1768 1293 2029 1343 occasione,

252 1372 307 1400 ex
344 1373 432 1410 quo
467 1362 677 1411 sequitur
710 1362 993 1410 necessariQ
1029 1361 1149 1412 quod
1184 1363 1255 1401 est
1292 1362 1561 1412 impeditiva
1603 1363 1785 1403 unionis
1825 1366 1869 1403 et
1912 1364 2029 1404 anti-

253 1432 381 1481 quati
417 1432 656 1472 scismatis
691 1433 918 1472 nutritiva
952 1434 1039 1473 etc.

375 1514 591 1555 l'reterea
628 1515 806 1555 resistit
833 1516 979 1556 eciam
1006 1527 1143 1555 sacro
1169 1516 1377 1565 concilio,
1404 1527 1487 1556 suo
1513 1516 1702 1557 decreto
1728 1518 2028 1567 repugnando

253 1585 296 1624 in
331 1599 399 1625 eo.
435 1586 553 1636 quod
589 1586 789 1626 destruit
823 1589 867 1626 et
903 1590 1104 1627 evacuat¹
1134 1588 1212 1627 aut
1241 1586 1406 1626 saltem
1433 1597 1664 1627 evacuare
1687 1588 1851 1627 nititur
1881 1600 2028 1628 reser-

255 1656 494 1696 vacionem
531 1657 703 1697 decreti
740 1657 1019 1706 huiusmodi,
1054 1670 1156 1698 cum
1193 1658 1366 1698 dictum
1402 1658 1641 1699 decretum
1677 1662 1889 1700 reservat
1932 1672 2028 1700 mo-

253 1727 374 1767 dum.
410 1727 606 1767 formam
644 1731 687 1768 et
726 1729 971 1768 materiam
1007 1729 1215 1779 predicte
1249 1729 1490 1769 electionis
1525 1741 1662 1770 sacro
1698 1731 1905 1771 concilio.
1973 1731 2026 1771 Et

253 1798 318 1838 sic
353 1802 546 1838 enervat
582 1800 869 1848 potestatem
906 1799 1039 1839 liuius
1075 1800 1269 1850 concilii7
1304 1800 1436 1849 quasi
1472 1812 1665 1850 presens
1700 1813 1885 1842 sacrum
1922 1814 2028 1842 con-

252 1869 402 1908 cilium
438 1881 526 1909 non
563 1870 795 1919 potuisset
832 1870 971 1910 talem
1021 1871 1395 1911 reservacionem
1443 1870 1684 1912 electionis
1730 1872 1897 1922 facete
1948 1875 2026 1912 aut

251 1940 351 1979 iura
386 1941 588 1989 positiva
623 1944 665 1980 et
694 1941 895 1981 humana
921 1941 975 1981 de
1010 1942 1236 1983 electione
1270 1955 1387 1993 pape
1411 1942 1564 1994 quoad
1591 1942 1810 1983 effectum
1835 1955 2028 1993 suspen-

252 2011 358 2050 dere
394 2011 535 2051 tacite
563 2012 629 2051 vel
667 2024 902 2062 expresse.
954 2012 1006 2052 Et
1044 2013 1146 2053 ideo
1182 2014 1236 2053 de
1271 2017 1446 2063 quanto
1482 2014 1578 2054 iure
1602 2014 1805 2053 humano
1831 2018 2028 2054 conatur

254 2082 435 2122 vincere
472 2082 540 2122 ius
576 2082 777 2122 divinum
814 2086 857 2123 et
895 2096 1079 2123 sacrum
1117 2084 1359 2124 concilium
1397 2085 1451 2124 ad
1488 2097 1621 2124 suum
1657 2084 1877 2135 placitum
1913 2084 2027 2124 limi-

251 2156 366 2193 tare.
403 2153 584 2193 videtur
617 2154 754 2193 nimis
790 2155 1053 2194 temeraria.
1089 2167 1190 2195 cum
1218 2157 1374 2195 tamen
1400 2156 1470 2195 ius
1496 2155 1714 2201 divinum„
1739 2155 1809 2195 cui
1840 2167 2025 2196 sacrum

253 2223 492 2263 concilium
531 2224 757 2266 innititur.
792 2237 882 2264 nou
920 2229 1072 2275 potest
1111 2238 1258 2275 neque
1293 2226 1427 2266 debet
1476 2226 1691 2266 humanis
1738 2226 1909 2276 regulis
1955 2227 2024 2266 vel

250 2293 425 2333 iuribus
451 2295 651 2341 limitari,
687 2296 903 2346 quoniam
928 2298 976 2336 et¹
1001 2296 1281 2346 scripturam
1308 2308 1491 2337 sacram
1528 2296 1698 2347 regulis
1723 2296 1910 2337 donatis
1934 2309 2025 2337 non

252 2364 345 2404 vult
382 2365 527 2405 eciam
560 2366 813 2407 subiacere

370 2435 605 2477 Veniendo
663 2438 719 2477 ad
766 2437 974 2487 singulas
1028 2438 1283 2488 particulas
1329 2438 1464 2478 huius
1511 2438 1683 2487 cedule,
1733 2450 1820 2489 que
1863 2439 1907 2478 in
1953 2439 2023 2478 sui

250 2505 472 2556 principio
507 2510 551 2547 et
596 2508 833 2558 prohemio
882 2509 1027 2549 multa
1070 2509 1256 2549 videtur
1302 2510 1576 2559 promittere
1622 2512 1666 2549 et
1715 2509 1799 2549 sub
1835 2509 2024 2559 pulchro

250 2576 495 2617 verborum
524 2578 678 2618 colore
712 2579 941 2629 exhibere,
976 2572 1185 2631 dicendo,
1221 2580 1341 2630 quod
1377 2580 1484 2620 talis
1518 2580 1683 2621 electio
1709 2580 1851 2620 futuri
1876 2581 2024 2630 ponti-

249 2646 348 2687 ficis
397 2648 585 2688 firmiori
630 2650 914 2690 auctoritate
960 2654 1005 2690 et
1053 2651 1251 2701 plurium
1297 2650 1598 2691 roborabitur
1643 2662 1866 2699 assensu3
1912 2650 2020 2690 item

248 2717 399 2757 nullus
447 2720 692 2769 scrupulus
742 2721 959 2761 residebit
1010 2721 1053 2761 in
1103 2722 1336 2762 mentibus
1383 2722 1633 2773 hominum,
1682 2721 1805 2761 nulla
1854 2720 1931 2760 fiet
1979 2721 2022 2760 in

193 2798 198 2800 ·
248 2788 433 2828 dubium
470 2792 768 2842 retractacio,
803 2792 1071 2842 plenissima
1108 2793 1213 2833 unio
1247 2793 1446 2833 fidelium
1474 2794 1697 2843 sequetur
1728 2794 1773 2832 et
1801 2791 2022 2842 perfecta,

249 2860 578 2901 serenissimus
602 2861 919 2903 Romanorum
944 2876 1024 2903 rex
1060 2876 1249 2904 suorum
1275 2864 1484 2905 laborum
1519 2864 1723 2904 fructum
1749 2866 1795 2903 et¹
1825 2863 2020 2913 gloriam

251 2934 564 2981 consequetur
597 2935 685 2972 etc.
751 2935 846 2983 (grue
881 2935 1036 2974 omnia
1070 2947 1234 2975 revera
1267 2934 1441 2975 habent
1465 2936 1801 2985 repugnantem
1836 2933 1879 2973 in
1915 2945 2020 2974 con-

250 3000 443 3040 trarium
482 3002 744 3043 veritatem.
809 3004 922 3044 Nam
960 3005 1064 3045 licet
1103 3005 1157 3045 ad
1194 3017 1354 3055 pacem
1390 3007 1436 3045 et
1471 3005 1765 3046 concordiam
1810 3004 2022 3044 videatur

249 3083 417 3111 souare
459 3072 616 3113 cedula
666 3074 707 3112 in
759 3075 992 3125 principio.
1039 3088 1129 3116 non
1177 3079 1332 3116 tamen
1371 3088 1449 3126 per
1493 3076 1633 3116 talem
1680 3075 2019 3121 resistenciam,
