2178 3404
284 122 368 166 196

362 2112 475 2155 LIII.
540 2116 669 2163 Item,
709 2116 756 2155 et
801 2126 857 2155 ne
904 2126 985 2165 per
1028 2114 1151 2154 viam

301 2186 486 2228 iusticie
542 2186 755 2237 oppressi
818 2185 1154 2228 relevarentur*

302 2257 422 2298 idem
458 2266 578 2308 papa
610 2256 850 2297 Johannes
874 2268 1020 2307 nuper
1061 2288 1068 2296 .
1105 2288 1112 2296 .
1150 2288 1157 2295 .

304 2329 344 2369 d.
381 2328 671 2369 auditoribus
706 2339 786 2377 per
820 2339 932 2368 suos
956 2327 1158 2367 referen-

305 2400 461 2440 darios
496 2401 539 2439 et
576 2399 820 2450 presertim
848 2411 928 2449 per
957 2399 997 2439 d.
1022 2399 1159 2439 Jaco-

306 2470 413 2510 bum
449 2470 504 2509 de
546 2470 751 2521 (fainplo,
791 2482 911 2510 nune
959 2470 1158 2511 electum

307 2541 609 2591 Pennensem,
656 2541 742 2581 dici
785 2540 897 2581 fecit
939 2543 986 2581 et
1032 2553 1159 2582 man-

307 2611 450 2662 davit,
502 2623 558 2651 ne
613 2612 838 2652 materias
892 2612 1159 2663 anticipaci-

309 2693 447 2722 onum
498 2682 712 2722 datarum
762 2683 1068 2724 admitterent
1115 2684 1159 2723 in

308 2752 476 2793 iudicio
511 2754 559 2793 et
591 2765 648 2793 ne
682 2753 899 2794 datarum
936 2755 1159 2805 registra-

310 2825 439 2864 tores
476 2825 557 2864 aut
592 2824 707 2864 alios
742 2823 965 2865 officiales
1000 2826 1165 2876 quovis

310 2893 450 2934 modo
476 2894 808 2944 compellerent
844 2927 851 2935 .
888 2927 895 2935 .
932 2926 940 2935 .
977 2896 1165 2936 veritati

311 2965 634 3005 testimonium
659 2965 912 3015 perhibere,
930 2966 1164 3007 iusticiam

313 3036 495 3076 notorie
529 3036 830 3087 opprimendo
868 3068 875 3076 .
912 3068 919 3076 .
956 3069 963 3076 .

652 130 678 164 Ι.
706 128 928 164 Absehnitt.
979 124 1135 160 Johann
1164 122 1302 158 XXIII.
1331 122 1409 156 und
1437 122 1507 157 das
1534 120 1685 157 Konzil.

1209 234 1304 275 suit
1341 235 1390 275 et
1428 233 1575 274 eciam
1614 235 1865 284 postquam
1897 232 1984 273 fuit
2018 232 2064 272 in

1210 305 1516 354 (]¹011stancia;
1559 307 1606 345 et
1648 305 1734 345 hoo
1775 316 1880 345 esse
1921 303 2064 354 publi-

1211 389 1314 418 cum
1349 378 1397 417 et
1429 376 1679 417 notorium.
1736 375 1976 416 .Johannes
2011 375 2065 415 de

1179 448 1398 499 vPolleyo
1449 447 1559 487 dicit
1608 446 1854 487 articulum
1903 457 2066 487 verum

1211 520 1260 559 et
1274 518 1510 559 notorium
1530 519 1578 557 et
1593 517 1910 558 manifestum.
1940 517 2067 568 Deys

1212 590 1324 630 dicit
1348 588 1593 630 articulum
1617 600 1792 639 verum,
1817 588 1923 639 quia
1945 588 2069 629 omni

1215 660 1286 700 die
1310 659 1541 710 peioravit
1561 670 1625 699 se.
1676 658 1939 700 Wolmarus
1959 659 2071 700 dicit

1215 730 1460 772 articulum
1477 741 1654 781 verum,
1674 730 1781 780 quia
1799 730 1928 781 vidit7
1950 730 2071 781 quod

1216 802 1374 852 peiora
1408 800 1532 841 feeit.
1591 800 1644 840 H.
1678 799 1820 841 Kuwt
1854 801 1966 842 dicit
2000 812 2071 842 ar-

1215 873 1407 913 ticulum
1432 882 1594 911 verum
1628 873 1676 911 et-
1710 872 1832 921 quod
1864 872 2073 912 vendidit

1216 944 1287 984 ius
1337 942 1595 993 quesitum3
1644 944 1690 983 et
1740 942 1854 983 vidit
1904 944 1952 983 et
1996 955 2072 983 ex-

1219 1016 1379 1065 pertus
1434 1015 1508 1054 est
1561 1013 1605 1053 in
1661 1014 1817 1054 causis

1220 1086 1509 1125 elientorum.

1882 1026 2070 1055 suorum

1578 1085 1861 1125 Procurator
1901 1085 2074 1125 ordinis

1220 1156 1613 1197 The(›toni‹·orum
1664 1156 1771 1196 dicit
1829 1156 2075 1196 articulum

1224 1239 1397 1278 verum,
1453 1227 1559 1278 quia
1612 1228 1656 1266 in
1711 1227 1905 1267 concilio
1961 1226 2076 1267 Con-

1222 1298 1476 1339 staneiensi
1515 1298 1720 1349 pessima
1754 1297 1878 1338 fecit.
1943 1297 2076 1338 Card.

1222 1369 1547 1420 Aquilegensis
1584 1372 1631 1410 et
1665 1369 1885 1410 Barensis
1920 1369 2079 1409 dicunt

1222 1441 1357 1491 idem,
1405 1441 1526 1491 quod
1568 1453 1660 1480 non
1703 1440 1971 1481 emendavit
2014 1452 2078 1481 se.

1225 1512 1486 1563 Angelotus
1511 1512 1622 1553 dicit
1649 1511 1825 1552 famam
1851 1512 2081 1562 publicam

1227 1584 1453 1624 laborare.
1533 1583 1751 1624 Tarunda
1813 1583 1925 1624 dicit
1977 1595 2083 1624 esse

1228 1666 1338 1695 vera
1382 1656 1428 1694 et
1473 1654 1661 1695 notoria
1709 1656 1757 1694 et
1804 1654 1871 1694 ita
1921 1654 2081 1695 credit.

1227 1725 1591 1776 ('eplialiule11sis
1656 1725 1768 1766 dicit
1837 1725 2081 1765 articulum

1229 1808 1388 1836 verum
1436 1798 1482 1836 et
1527 1796 1777 1836 notorium.
1843 1795 1921 1846 Ep.
1970 1795 2083 1836 Lau-

1229 1867 1386 1907 densis
1422 1867 1534 1907 dicit
1569 1867 1816 1908 articulum
1842 1879 2001 1907 verum
2038 1869 2085 1907 et

1228 1938 1349 1989 quod
1382 1939 1427 1978 in
1463 1938 1748 1979 (fonstanoia
1787 1938 1936 1979 adhuc
1974 1937 2085 1979 fecit

1228 2009 1372 2060 peius.

1291 2100 1402 2143 LIII.
1467 2104 1607 2144 Nardi
1672 2104 1783 2144 dicit
1838 2104 2083 2145 articulum

1232 2186 1409 2226 verum,
1435 2175 1541 2225 quia
1573 2174 1749 2215 audivit
1784 2187 1823 2215 a.
1844 2175 1884 2214 d.
1907 2174 2085 2215 Jaoobo

1234 2245 1288 2285 de
1324 2244 1528 2295 Camplo7
1568 2245 1643 2295 qui
1689 2245 1797 2285 illud
1844 2245 2087 2285 mandavit

1234 2316 1276 2355 in
1332 2318 1437 2356 rota
1491 2316 1591 2366 ipso
1647 2318 1877 2366 presente.
1961 2316 2086 2367 Deys

1235 2387 1346 2427 dicit
1373 2387 1616 2427 articulum
1639 2387 1936 2437 ve1·um³quia
1961 2387 2086 2427 audi-

1237 2459 1317 2509 vit,
1364 2458 1485 2508 quod
1532 2458 1572 2497 d.
1625 2458 1831 2498 ‚Jaoobus
1884 2457 2087 2498 referen-

1235 2530 1392 2570 darius
1427 2530 1493 2570 ita
1518 2529 1807 2570 auditoribus
1831 2529 2087 2570 mandavit.

1235 2600 1287 2640 H.
1324 2599 1462 2640 Kuwt
1500 2600 1611 2641 dicit
1642 2600 1887 2640 articulum
1915 2612 2089 2651 verum,

1236 2672 1342 2722 quia
1376 2671 1419 2711 id
1454 2684 1574 2722 papa
1608 2672 1754 2712 eciam
1780 2671 2019 2711 mandavst
2045 2671 2089 2710 in

1236 2742 1518 2783 consistorio
1552 2742 1747 2793 publico.
