2178 3404
278 185 321 218 A.
349 184 541 217 Benedikt
568 184 666 217 Xlll.
695 184 770 216 und
800 183 905 216 391119
934 182 1205 225 Beziehungen
1235 193 1279 215 zu
1308 182 1539 216 Schottland
1567 185 1639 217 etc.
1754 175 1840 216 417

72 293 120 333 fa
152 294 196 333 in
230 292 573 343 pontificalibus
608 293 818 332 diverses
853 291 1056 341 vegades
1097 294 1143 332 et
1182 292 1315 342 quins
1355 292 1567 332 alberchs
1602 305 1630 343 y
1669 292 1728 333 ha
1762 305 1842 342 per

73 363 141 404 als
175 374 372 414 senyors
407 363 649 403 cardenals
683 364 731 402 et
764 363 940 413 prelats
975 363 1029 402 de
1065 365 1168 403 cort
1186 359 1216 414 ¹)
1250 395 1257 403 .
1295 395 1302 403 .
1339 395 1346 402 .

189 434 303 474 Item
339 445 389 474 se
423 433 570 474 deven
604 432 830 473 informar
862 432 961 473 dels
994 433 1150 473 viures
1185 434 1323 484 aquin
1358 433 1430 475 for
1464 447 1492 485 y
1535 446 1619 475 son
1663 434 1738 475 axi
1785 435 1840 475 de

69 514 160 546 una
194 507 326 556 parte
361 517 461 545 com
497 504 552 544 de
586 504 706 545 altra
740 506 786 544 et
819 515 874 544 en
908 503 1079 554 special
1114 515 1168 543 en
1205 504 1384 545 l’alerm
1419 517 1475 545 ne
1510 518 1611 546 com
1651 518 1702 545 es
1747 505 1839 546 for-

69 576 176 616 nida
210 575 254 616 la
286 575 384 616 dita
416 575 564 615 ciutat
598 575 652 614 (19
687 574 929 624 forments,
964 574 1019 614 de
1054 574 1217 626 civida,
1253 575 1307 615 (19
1343 562 1398 625 vi,
1434 576 1487 616 (19
1523 588 1647 627 carn,
1681 577 1736 617 de
1762 590 1839 617 vo-

68 646 236 687 lateria
269 648 316 686 et
351 646 406 686 (19
441 646 584 686 altres
619 646 877 686 semblants
919 657 1055 686 coses
1089 657 1145 685 ne
1191 646 1258 686 les
1293 647 1690 699 circumstancies,
1737 660 1838 688 com

70 719 205 758 estan
240 729 297 757 ne
331 717 437 767 quin
472 718 653 757 mercat
686 730 714 767 y
747 716 807 757 ha
839 728 895 756 ne
931 716 1062 767 quals
1098 728 1233 757 coses
1268 730 1295 768 y
1330 729 1415 758 son
1450 730 1535 768 pus
1576 731 1708 759 cares
1744 751 1751 759 .

67 868 187 923 (170)
215 869 450 912 Henre‘cus
481 871 536 911 (Ie
558 869 839 922 Barbarino,
872 870 1112 911 Joleccmzes
1134 870 1189 911 de
1212 869 1432 911 Columba
1463 883 1508 912 u.
1533 884 1575 912 a.
1605 870 1839 925 bezeugyen,

214 941 309 994 dass
353 954 427 982 vor
467 941 606 982 ilmen
653 942 734 982 der
765 939 992 993 Καρίων,
1038 942 1172 982 son-ie
1214 942 1312 982 eine
1365 941 1720 995 1⁷erssvminzmey
1760 944 1842 984 der

213 1011 397 1053 Richter
447 1013 548 1053 mad
597 1011 951 1053 Gasvhworeozfen
1002 1024 1083 1053 1ὀή
1133 1010 1320 1053 δίεὶῐίρη
1369 1013 1442 1053 als
1498 1012 1717 1054 Vert‘relcr
1762 1014 1842 1055 des

213 1095 391 1136 {sultzen
436 1081 623 1124 Laudes
665 1083 831 1136 gyemiiss
875 1083 957 1123 der
1002 1082 1346 1136 Eulaeleeiae‘lvttey
1389 1082 1445 1124 Κ.
1492 1082 1840 1135 Ferdmands‘2)

214 1154 309 1195 sich
357 1166 440 1195 zur
496 1153 717 1195 Obsidione
765 1152 1012 1194 Remedia-ts·
1060 1153 1193 1194 XIII.
1245 1153 1441 1195 bek’wmt
1486 1154 1646 1196 haben.
1728 1157 1842 1196 1415

214 1223 349 1266 Marx
379 1225 448 1265 29.

186 1293 293 1336 Rom,
326 1293 451 1327 Vatik.
479 1293 632 1327 Archiv.
661 1293 1110 1335 Notarintsinstrument,
1140 1294 1256 1327 Instr.
1284 1294 1388 1328 misc.
1417 1294 1508 1327 1406
1533 1295 1570 1338 ff.

186 1355 232 1395 ln
252 1355 437 1396 nomine
456 1355 637 1395 Domini
659 1366 807 1396 amen.
847 1353 980 1395 Anno
1006 1354 1243 1396 Dominice
1266 1356 1608 1397 incarnacionis
1632 1357 1840 1398 eiusdem

68 1425 313 1466 millesimo
348 1426 809 1477 quadringentesimo
845 1425 1005 1476 quinto
1041 1425 1220 1467 decimo
1255 1438 1415 1467 mense
1455 1427 1613 1468 Marcii
1658 1428 1730 1469 die
1776 1429 1839 1469 vi-

68 1497 242 1538 cesimo
275 1509 398 1538 nono
432 1497 608 1537 mensis
643 1497 864 1547 eiusdem,
898 1498 1124 1547 regnante
1149 1497 1439 1538 Ferdinando
1466 1530 1473 1538 .
1501 1530 1508 1538 .
1535 1530 1543 1539 .
1569 1497 1837 1549 Aragonum

67 1569 115 1607 et
149 1566 299 1608 Sicilie
332 1580 455 1619 rege,
492 1600 499 1608 .
537 1600 543 1608 .
580 1600 587 1608 .
622 1568 751 1619 regni
785 1579 896 1609 vero
931 1568 1001 1608 sui
1037 1599 1078 1607 ..
1107 1600 1114 1608 .
1151 1580 1271 1609 anno
1306 1569 1452 1609 tercio
1488 1600 1496 1608 .
1524 1601 1565 1610 ..
1600 1581 1686 1610 nos
1722 1570 1839 1610 Hen-

67 1638 190 1679 ricus
214 1638 269 1679 de
293 1638 549 1679 Barbarino
574 1639 737 1690 minor,
762 1639 897 1680 iudex
922 1641 1046 1679 terre
1070 1639 1248 1690 1)]110997
1271 1639 1510 1680 ‚Iohannes
1535 1640 1590 1680 (19
1615 1640 1840 1682 Columba

159 1740 166 1749 .
200 1709 413 1750 notarius
448 1712 495 1750 et
529 1712 679 1750 testes
714 1710 967 1760 subscripti
1006 1743 1013 1750 .
1051 1743 1058 1750 .
1095 1742 1102 1750 .
1138 1713 1385 1761 testamur,
1420 1711 1541 1762 quod
1576 1712 1634 1752 ad
1668 1724 1719 1752 se
1753 1724 1839 1753 nos

68 1778 296 1820 facientes
337 1780 556 1821 accessiri
596 1780 774 1820 nobiles
809 1781 1096 1831 capitaneus,
1130 1781 1319 1832 iudices,
1361 1782 1498 1822 iurati
1646 1783 1689 1823 in
1725 1783 1840 1834 loco,

66 1850 143 1890 ubi
178 1851 420 1891 consilium
456 1851 577 1892 dicte
610 1854 734 1891 terre
774 1852 1019 1892 consuevit
1055 1852 1293 1903 celebrari,
1329 1885 1337 1893 .
1375 1885 1381 1892 .
1418 1884 1425 1892 .
1460 1853 1643 1893 nemine
1667 1853 1840 1894 discre-

67 1923 207 1972 pante
242 1921 446 1962 confessi
481 1924 604 1974 sunt,
640 1954 647 1962 .
684 1954 690 1962 .
728 1955 735 1963 .
786 1922 860 1974 qui
915 1924 1065 1963 totam
1118 1923 1474 1964 universitatem
1522 1923 1667 1974 ipsius
1717 1926 1840 1964 terre

65 1994 408 2044 representant,
444 2024 452 2032 .
489 2024 496 2032 .
532 2024 540 2032 .
575 1993 709 2043 quod,
745 2005 847 2033 cum
883 1994 1099 2035 videlicet
1131 2006 1277 2045 nuper
1316 1994 1399 2046 sol,
1433 1995 1507 2045 qui
1553 1995 1596 2035 in
1639 1996 1793 2036 nubilo
1809 1994 1842 2048 ³)

65 2062 232 2115 suerat,
268 2063 390 2104 clero
424 2065 472 2104 et
505 2064 671 2114 populo
706 2064 908 2105 illuxerit
943 2064 1109 2116 Siculo,
1144 2067 1195 2106 ut
1229 2075 1255 2106 a
1289 2066 1521 2106 varietate
1563 2068 1610 2106 et
1656 2067 1840 2117 plurali-

65 2135 164 2175 tate
198 2135 366 2175 summi
399 2134 633 2186 pontificis
680 2135 956 2187 discederet,
1004 2148 1090 2187 que
1124 2136 1376 2177 multifarie
1424 2136 1735 2189 premebatur,
1782 2138 1840 2178 ad

65 2205 293 2246 unitatem
343 2206 512 2246 summi
573 2207 778 2257 pastoris
836 2207 1153 2258 resipiscendo
1206 2208 1462 2258 cupientes,
1507 2209 1559 2247 ut
1608 2209 1839 2260 convenit,

67 2277 281 2327 agregari
305 2289 361 2317 ex
387 2276 707 2318 declaracione
742 2278 909 2318 summi
936 2277 1169 2328 pontificis
1199 2278 1343 2329 ipsius
1369 2290 1450 2329 per
1471 2278 1836 2319 illustrissimum

155 2378 163 2387 .
197 2358 352 2398 regem
388 2347 727 2388 Ferdinandum
765 2381 772 2389 .
809 2379 816 2388 .
852 2380 859 2388 .
895 2348 952 2388 ad
988 2349 1264 2399 peticionem
1300 2349 1506 2399 ipsorum
1542 2349 1648 2389 cleri
1680 2352 1726 2389 et
1760 2362 1838 2399 po-

66 2417 155 2467 puli
191 2417 381 2469 factam,
412 2420 462 2458 ut
492 2419 535 2458 in
561 2419 759 2469 quodam
792 2419 890 2458 eius
924 2431 1061 2459 sacro
1086 2419 1324 2469 privilegio
1349 2419 1461 2460 (lato
1492 2419 1838 2469 ‹lesan-auguste

65 2487 287 2528 vicesimo
303 2488 507 2528 secundo
522 2488 731 2528 ‚Ianuarii
747 2489 991 2529 millesimo
1009 2489 1468 2539 quadringentesimo
1485 2489 1837 2540 quartodecimo

66 2557 189 2597 clare
222 2557 407 2598 videtur
440 2559 680 2609 contineri,
731 2559 880 2599 clerus
931 2561 978 2599 et
1028 2559 1222 2609 populus
1271 2560 1398 2609 regni
1449 2560 1647 2610 pretacti
1696 2560 1836 2600 divini

65 2627 325 2678 splendoris
350 2629 508 2678 gracia
534 2628 699 2668 radiati
725 2629 903 2679 publice
934 2631 981 2669 et
1006 2630 1157 2679 palam
1182 2632 1559 2680 recognoverunt
1592 2630 1635 2670 in
1660 2642 1837 2683 verum,

68 2698 266 2749 unicum,
322 2698 633 2739 indubitatum
694 2711 925 2740 summum
977 2699 1243 2750 pontificem
1296 2700 1559 2751 Christique
1612 2701 1835 2741 vicarium

65 2769 415 2809 serenissimum
450 2769 491 2809 (1.
525 2781 567 2809 n.
602 2769 642 2809 d.
678 2769 977 2810 Benedictum
1002 2770 1230 2811 decimum
1256 2771 1468 2822 tercium,
1493 2771 1564 2812 cui
1600 2803 1607 2811 .
1643 2803 1651 2811 .
1687 2803 1694 2811 .
1730 2772 1836 2812 obe-

65 2838 292 2880 dienciam
316 2839 550 2880 humiliter
574 2840 894 2892 prestiterunt,
920 2843 972 2881 ut
997 2842 1119 2882 clare
1143 2842 1320 2883 factum
1346 2843 1579 2893 consistit,
1604 2843 1646 2882 in
1672 2843 1833 2883 eadem

182 2963 214 2997 a)
238 2962 289 2992 Or.
309 2963 445 2990 nubulo.

185 3023 209 3065 ¹)
236 3024 379 3067 Foleqeu
405 3026 545 3068 ewispr.
573 3025 728 3068 Frag'en
753 3025 824 3069 fiio·
850 3026 961 3060 einen
989 3026 1222 3069 Auseuthalt
1246 3029 1291 3062 ‘in
1318 3026 1510 3061 Palermo.

183 3081 209 3123 ²)
245 3084 332 3117 Vom
362 3084 416 3117 22.
445 3084 606 3118 Jammr
633 3085 753 3123 (1414)
782 3085 871 3118 1415
902 3085 1098 3128 Diilliwyer
1125 3086 1171 3119 II
1192 3086 1263 3119 367
1287 3087 1324 3129 ff.

137 3159 294 3195 Finke,
318 3163 403 3189 Acta
425 3163 555 3189 concilii
582 3163 858 3190 Constanciensis
881 3164 931 3190 Ill.

1565 3148 1591 3186 [0

1597 3147 1621 3187 λ]
