2178 3404
529 153 566 186 (Ἴ.
618 154 688 186 Die
716 153 1046 193 Verliandlungen
1076 162 1149 184 von
1180 151 1411 193 Fen-pignam.
1772 141 1857 182 479

91 263 335 304 sanctitati
368 263 412 302 in
448 261 752 317 Coquolibero
788 273 867 312 per
900 273 1035 311 reges
1069 263 1113 301 et
1151 261 1380 311 principes
1404 261 1563 300 vestre
1597 259 1862 300 obediencie

88 338 131 374 et
181 346 261 384 pro
309 333 622 373 delliberanda
670 332 975 382 responsione
1021 343 1101 381 per
1145 331 1338 371 eandem
1385 330 1688 370 sanctitatem
1739 330 1861 370 dicte

89 404 380 455 requisicioni
414 403 578 444 fienda.
625 405 839 443 creature
872 404 1030 443 vestre
1074 403 1380 442 sacrosancte
1414 401 1621 442 Romane
1665 400 1860 442 ecclesie

89 475 348 516 cardinales
380 475 453 515 hic.
488 477 730 525 presentes
764 473 1025 514 habuerunt
1049 473 1262 513 diversas
1297 472 1650 523 prolocuciones
1674 474 1721 512 et
1756 483 1862 513 con-

90 547 191 587 silia
225 558 328 587 cum
362 546 535 596 multis,
570 545 784 585 videlicet
818 557 918 585 cum
955 544 1210 585 reverendo
1246 546 1377 594 patre
1400 544 1442 583 d.
1468 542 1675 584 Guidone
1706 545 1862 597 proto-

89 617 273 658 notario
322 616 528 657 eiusdem
585 616 870 666 sanctitatis,
920 616 959 655 d.
1010 615 1236 656 Avinione
1289 615 1508 665 episcopo
1559 612 1768 664 Oscensi,
1822 614 1862 654 d.

91 688 277 728 Andrea
315 688 463 728 electo
499 686 863 727 Barchinoneusi
904 698 1083 727 necnon
1128 698 1231 727 culn
1266 685 1477 726 Eximino
1510 685 1607 725 Dae
1650 685 1863 726 auditore

91 771 273 799 camere
308 758 579 809 apostolice,
614 758 659 798 P.
686 758 853 809 Maleti,
889 758 1075 798 Simone
1109 756 1385 807 Salvatoris,
1417 756 1595 796 .Jacobo
1621 755 1864 806 Velleroni,

95 830 137 869 F.
163 829 333 870 Rovira
368 831 416 869 et
450 829 496 869 P.
532 829 776 869 Bertrandi
810 828 1094 869 doctoribus.
1159 827 1256 878 Que
1289 827 1468 877 quidem
1507 827 1699 867 consilia
1732 827 1864 868 redu-

92 902 260 941 cuntur
294 900 351 940 ad
386 886 709 941 conclusiones
745 901 1011 950 sequentes,
1046 908 1161 949 quas
1198 898 1393 939 credunt
1416 909 1554 938 veras
1589 909 1694 937 esse
1728 902 1775 938 et
1809 898 1866 938 ad

91 971 262 1011 bonum
308 971 490 1011 unionis
536 970 731 1011 ecclesie
777 975 821 1010 et
869 970 1165 1010 sedacionem
1213 968 1453 1009 scismatis
1499 971 1546 1008 et
1595 968 1863 1008 evitandum

92 1043 214 1083 mala
257 1042 459 1093 pericula
493 1044 539 1082 et
574 1042 795 1082 scandala
839 1041 1115 1081 inminencia
1158 1040 1372 1091 expedire
1417 1040 1668 1080 secundum
1706 1039 1866 1087 Deum,

93 1126 208 1164 quas
258 1125 359 1154 cum
410 1113 567 1153 humili
617 1113 885 1153 reverencia
935 1112 1139 1153 offerunt
1185 1111 1469 1152 subicientes
1516 1111 1670 1151 omnia
1717 1110 1866 1150 deter-

95 1185 341 1225 minacioni
375 1184 582 1224 eiusdem
618 1184 888 1224 sanctitatis
923 1187 966 1223 et
1004 1183 1209 1224 cuiusvis
1238 1183 1393 1223 verius
1429 1182 1695 1223 sencientis.

212 1255 365 1295 Primo
390 1255 604 1306 quamvis
628 1255 700 1295 vie
735 1258 783 1295 et
815 1255 993 1305 pratice
1027 1254 1182 1295 oblate
1211 1265 1292 1304 per
1326 1254 1630 1294 sanctitatem
1655 1254 1865 1293 vestram

97 1326 354 1377 Perpiniani
396 1338 478 1377 pro
520 1325 733 1366 habenda
775 1326 941 1366 unione
984 1326 1180 1366 ecclesie
1223 1325 1316 1365 sint
1359 1324 1575 1365 meliores
1609 1333 1746 1374 quam
1782 1323 1868 1364 alie

95 1398 165 1438 vie
199 1408 467 1448 quecunque
503 1400 662 1447 aperte
696 1409 779 1447 per
811 1408 965 1447 regem
991 1396 1308 1455 Romanorum
1340 1395 1411 1436 vel
1446 1396 1641 1436 nuncios
1677 1406 1867 1445 congre-

93 1469 302 1515 gacionis
336 1467 617 1509 Constancie
652 1470 733 1508 aut
767 1479 846 1518 per
880 1479 1014 1518 reges
1048 1470 1095 1507 et
1128 1467 1359 1518 principes
1394 1469 1552 1507 vestre
1587 1466 1865 1515 obediencie,

93 1553 147 1579 ex
183 1552 271 1590 quo
305 1543 462 1580 tamen
497 1539 657 1580 eadem
695 1539 927 1579 sanctitas
961 1551 1043 1589 per
1075 1539 1227 1579 dictas
1271 1550 1382 1579 suas
1417 1538 1518 1578 vias
1557 1538 1625 1578 vel
1660 1538 1867 1588 praticas

94 1614 283 1662 propter
326 1611 744 1651 contradictionem
780 1611 973 1651 alterius
1008 1610 1273 1651 obediencie
1307 1621 1396 1651 non
1433 1611 1592 1660 potest
1624 1609 1735 1650 dare
1769 1609 1865 1650 uni-

95 1694 229 1723 onem
272 1682 480 1722 ecclesie.
525 1681 659 1721 debet
695 1684 743 1722 et
786 1684 971 1722 tenetur
1014 1693 1353 1732 quamcumque
1388 1681 1509 1720 viam
1545 1683 1591 1721 et
1634 1680 1861 1731 praticam

95 1754 151 1794 ad
196 1753 442 1793 uniendum
489 1753 733 1793 ecclesiam
783 1755 1042 1803 acceptare,
1088 1764 1174 1803 que
1219 1752 1351 1792 alteri
1395 1752 1659 1792 obediencie
1703 1763 1864 1802 accep-

94 1825 237 1865 tanda
270 1824 514 1871 videbitur,
553 1824 659 1864 dum
696 1826 853 1864 tamen
888 1824 1128 1864 observari
1164 1824 1312 1874 possit
1350 1824 1448 1863 sine
1482 1823 1637 1862 divIna
1671 1821 1865 1862 offensa.

95 1897 140 1935 (⁸.
176 1897 365 1941 ,Memor
398 1892 514 1935 sum‘
549 1895 711 1935 XXIIII
746 1908 786 1946 q.
825 1892 882 1943 1¹)
918 1927 924 1935 .
961 1927 968 1935 .
1002 1919 1012 1935 ι.

212 1965 343 2015 Quod
361 1966 523 2006 eadem
543 1967 776 2007 sanctitas
796 1968 956 2017 potest
974 1966 1137 2007 tollere
1158 1978 1319 2007 omnes
1345 1977 1584 2016 procesus,
1605 1964 1870 2005 sentencias

93 2039 141 2077 et
164 2048 308 2087 penas
332 2036 486 2078 factas
507 2040 553 2078 et
576 2038 699 2078 latas
725 2040 889 2078 contra
913 2049 1140 2088 personas
1167 2037 1358 2077 alterius
1379 2036 1644 2077 obediencie
1668 2038 1765 2076 tam
1790 2047 1871 2086 per

97 2109 304 2148 vestram
324 2109 629 2149 sanctitatem
649 2121 785 2159 quam
803 2120 883 2159 per
902 2110 1109 2149 vestrum
1130 2109 1513 2158 predecessorem
1533 2110 1577 2147 et
1598 2107 1748 2147 dictos
1768 2118 1870 2157 pro-

96 2192 246 2231 cesus,
271 2180 538 2221 sentencias
563 2192 680 2230 aque
706 2192 848 2230 penas
867 2179 1038 2220 habere
1058 2179 1242 2229 penitus
1263 2190 1344 2229 pro
1364 2178 1550 2219 infectis
1569 2180 1617 2218 et
1634 2189 1726 2218 non
1745 2177 1868 2218 latis

214 2249 345 2300 Quod
378 2251 540 2291 eadem
575 2251 808 2291 sanctitas
842 2252 999 2301 potest
1040 2250 1202 2291 tollere
1238 2261 1319 2289 seu
1360 2249 1644 2300 suspendere
1678 2260 1759 2299 pro
1793 2260 1870 2288 ne-

95 2321 228 2370 goeio
252 2321 388 2362 huius
412 2322 593 2362 unionis
619 2333 781 2362 omues
807 2321 1086 2363 sentencias.
1122 2332 1281 2371 penas,
1306 2320 1529 2370 maculas,
1564 2319 1870 2369 excepciones

96 2394 143 2431 et
176 2391 489 2442 inpedimenta
524 2404 793 2442 quecunque
818 2392 1125 2442 procedentes
1157 2391 1225 2430 vel
1252 2390 1555 2441 procedencia
1580 2402 1605 2430 a
1629 2389 1870 2440 quibusvis

98 2462 271 2501 iuribus
306 2462 546 2511 possitivis
582 2463 808 2502 adversus
850 2462 1000 2501 dictas
1035 2472 1262 2511 personas
1298 2461 1490 2500 alterius
1525 2460 1790 2500 obediencie
1823 2462 1870 2500 et

99 2543 282 2571 omnem
325 2531 524 2572 efectum
571 2545 597 2572 a
641 2532 805 2583 quovis
848 2531 1051 2582 positivo
1091 2531 1188 2571 iure
1231 2531 1574 2581 procedentem,
1619 2542 1705 2581 que
1748 2530 1870 2570 dicte

98 2601 251 2641 unioni
287 2605 445 2651 posset
481 2602 842 2652 inpedimentum
881 2602 1061 2642 afferre.

217 2672 348 2721 Quod
394 2671 592 2713 sublatis
638 2672 1027 2723 disposicionibus
1073 2675 1115 2711 et
1165 2672 1340 2713 iuribus
1387 2672 1630 2723 possitivis
1675 2674 1718 2713 et
1765 2683 1871 2712 con-

100 2742 307 2783 siderato
343 2743 441 2783 solo
475 2743 572 2783 iure
605 2744 805 2784 miturali
842 2755 920 2784 seu
957 2744 1111 2783 divino
1147 2744 1402 2784 scismatici
1436 2746 1484 2783 et
1522 2743 1729 2794 heretici,
1763 2743 1869 2783 dum

99 2816 256 2853 tamen
292 2813 385 2853 sint
420 2814 636 2865 tollerati,
683 2816 899 2865 possunt
924 2826 1030 2854 esse
1064 2815 1161 2855 veri
1204 2815 1405 2854 ministri
1448 2814 1643 2855 ecclesie
1686 2816 1781 2854 tam
1825 2813 1869 2853 in

98 2883 307 2934 eligendo
343 2884 494 2925 active
529 2897 665 2936 quam
700 2886 743 2925 in
778 2885 986 2936 eligendo
1021 2885 1222 2936 passive,
1258 2885 1323 2926 sic
1357 2885 1477 2936 quod
1502 2885 1800 2925 scismaticus
1824 2885 1873 2923 et

98 2954 331 2995 hereticus
366 2955 612 2996 tolleratus
648 2960 804 2996 tamen
840 2956 1016 2996 electus
1049 2957 1094 2996 in
1129 2956 1357 3006 prelatum
1392 2956 1588 2996 ecclesie
1622 2967 1648 2995 a
1679 2955 1872 2995 scisma-

221 3069 245 3111 l)
274 3080 304 3102 c.
333 3068 376 3101 10
402 3069 438 3102 C.
467 3070 593 3102 XXIV
622 3081 680 3111 qu.
712 3069 740 3103 l.
