2178 3404
670 166 714 201 K.
743 167 963 209 Sigismund
993 179 1040 201 an
1070 168 1218 211 Gregor
1242 169 1322 202 XII.
1797 154 1882 199 319

113 279 290 321 oratori
325 278 492 329 prefati
527 278 813 319 serenissimi
838 278 960 329 regis
985 277 1265 329 Sigismundi
1299 280 1401 329 etc„
1436 276 1770 318 assistentibus
1800 277 1885 328 ipsi

112 351 298 391 domino
336 352 501 390 nostro
544 361 662 399 pape
705 351 885 399 septem
929 349 1332 390 reverendissimis
1374 349 1573 390 dominis
1614 348 1813 389 dominis
1848 360 1883 388 s.

112 421 320 462 Romane
353 420 547 461 ecclesie
586 419 897 460 cardinalibus
931 422 978 460 et
1011 420 1306 470 presentibus
1341 419 1586 471 magnifico
1626 422 1672 460 et
1706 419 1884 469 potenti

112 492 297 533 domino
332 491 372 531 (1.
407 491 579 532 Karolo
614 490 669 531 de
703 491 967 531 Malatestis
1002 494 1049 531 et
1083 491 1340 542 magnificis
1374 492 1414 532 d.
1441 490 1635 533 Galeato
1651 488 1684 543 ²³)
1714 490 1884 531 domini

112 563 361 604 Malateste
396 562 450 602 de
485 561 661 602 (Iesena
708 564 755 602 et
802 560 996 602 Galeoto
1044 562 1214 602 domini
1250 562 1498 603 Malateste
1544 563 1598 603 de
1634 562 1885 613 Pensauro,

111 633 359 684 nepotibus
402 633 514 682 suis7
557 635 601 673 et
654 632 813 672 multis
858 632 958 673 aliis
1004 633 1210 683 prelatis,
1254 633 1482 674 nobilibus
1526 636 1665 684 atque
1709 633 1887 673 civibus

113 703 481 744 Ariminensibus
530 704 574 743 in
625 703 863 744 audiencia
918 703 1098 754 publica
1152 704 1318 755 prefati
1373 705 1661 745 sanctissimi
1715 704 1887 744 domini

112 775 264 815 nostri
289 806 296 814 .
323 806 330 814 .
356 806 363 814 .
390 773 719 822 MPUOCXHH„
744 774 995 815 indictione
1012 774 1104 815 VII.
1131 807 1138 814 .
1166 808 1173 815 .
1200 807 1206 814 .
1233 776 1304 816 die
1328 776 1495 816 martis
1519 776 1654 817 XIIII.
1675 775 1888 828 Augusti.

1416 847 1469 886 M.
1505 847 1560 888 de.
1595 847 1770 889 Strata.

231 925 417 959 Nicolaus
454 925 501 958 de
530 925 690 958 Medicis
728 925 774 958 de
806 925 1032 959 Urbeveteri
1070 926 1197 970 legum
1236 926 1374 960 doctor
1409 929 1447 960 et
1484 928 1700 969 apostolice
1737 938 1890 961 camere¹

113 984 276 1018 clericus
303 983 528 1027 supradicte
555 984 810 1026 responsioni,
845 995 930 1017 cum
968 985 1162 1028 legeretur
1196 996 1265 1027 per
1299 985 1589 1029 infrascriptum
1627 987 1660 1019 d.
1688 987 1889 1020 Matheum

113 1043 161 1077 de
188 1043 320 1077 Strata
348 1043 612 1085 secretarium,
642 1070 648 1075 .
678 1070 683 1075 .
714 1070 718 1075 .
748 1054 909 1085 presens
938 1044 1001 1078 fui.
1344 1046 1525 1079 Matheus
1554 1046 1601 1079 de
1629 1046 1770 1080 Strata.

232 1102 466 1137 Wetkindus
495 1102 698 1135 Salczman
728 1103 970 1136 decretorum
1000 1104 1148 1143 doctor,
1177 1115 1330 1138 camere
1358 1105 1575 1147 apostolice
1602 1106 1776 1139 clericus.
1827 1106 1891 1139 Jo-

112 1161 263 1196 hannes
291 1161 338 1195 de
364 1161 698 1203 Montepoliciano
727 1162 962 1195 sanctissimi
993 1163 1137 1196 domini
1165 1164 1287 1197 nostri
1316 1164 1549 1198 secretarius
1578 1167 1615 1197 et
1652 1164 1818 1198 acolitus
1847 1175 1891 1197 ac

116 1219 257 1263 prefati
286 1220 523 1254 serenissimi
550 1220 653 1264 regis
681 1220 893 1254 familiaris.

231 1279 427 1313 Baldasar
453 1279 651 1322 quondam
679 1291 742 1313 ser
767 1281 960 1315 Johannis
989 1282 1036 1315 de
1055 1281 1264 1316 Bernardis
1292 1282 1339 1316 de
1366 1283 1539 1316 Meldula
1566 1283 1754 1325 notarius,
1779 1283 1894 1316 iudex

113 1338 335 1372 ordinarius
362 1340 400 1372 et
427 1339 604 1373 notarius
631 1339 775 1372 domini
803 1341 1013 1382 potestatis
1038 1341 1302 1375 Ariminensis.
1357 1342 1554 1375 Ursicinus
1573 1342 1674 1375 filius
1694 1342 1891 1385 quondam

114 1397 291 1442 magistri
316 1397 455 1432 Jacobi
491 1398 539 1432 de
574 1398 733 1440 Cesena‚
774 1399 869 1433 civis
897 1403 934 1433 et
975 1400 1176 1434 habitator
1210 1401 1373 1434 Arimini
1401 1428 1407 1434 .
1437 1428 1442 1434 .
1472 1428 1477 1434 .
1508 1404 1546 1435 et
1573 1401 1751 1435 officialis
1788 1402 1892 1435 curie

114 1457 345 1499 temporalis
372 1457 639 1491 Ariminensis.

233 1519 327 1560 Iste
360 1519 554 1560 heedem
589 1521 921 1571 responsiones
956 1534 1036 1572 per
1061 1523 1187 1572 prius
1210 1522 1399 1563 fuerunt
1423 1524 1566 1564 misse
1592 1523 1637 1564 P.
1663 1524 1717 1564 de
1751 1523 1891 1575 Luna,

115 1592 254 1640 prout
293 1591 441 1640 reperi
485 1591 529 1630 in
563 1591 762 1641 quadam
806 1592 965 1632 littera
1010 1593 1402 1635 reverendissimo
1450 1595 1493 1634 in
1540 1595 1727 1635 Christo
1770 1594 1892 1645 patri

116 1662 163 1701 et
194 1660 380 1702 domino
414 1661 455 1701 d.
490 1661 537 1701 B.
572 1662 879 1703 miseracione
914 1663 1069 1704 divina
1109 1667 1416 1705 sacrosancte
1450 1664 1659 1706 Romane
1698 1665 1894 1706 ecclesie

117 1731 393 1783 presbytero
437 1732 658 1773 cardinali
702 1732 975 1783 dignissimo
1010 1734 1196 1775 domino
1231 1738 1279 1775 et
1311 1736 1432 1786 patri
1474 1731 1601 1787 suo¹')
1641 1736 1892 1787 graciosis-

118 1802 250 1853 simo,
275 1801 544 1844 Placentino
566 1803 820 1854 vulgariter
843 1802 1165 1856 nuncupath)
1190 1806 1247 1846 ad
1271 1806 1526 1847 Bononiam
1552 1807 1788 1848 destinata
1816 1839 1822 1847 .
1851 1839 1857 1846 .
1885 1839 1891 1847 .

118 1952 239 2007 (144)
267 1953 324 1996 K.
350 1953 625 2008 Sigismmzd
656 1968 717 1996 cm
755 1955 928 2010 &regol-
949 1956 1056 1999 XII.
1075 1973 1085 1999 .·
1116 1958 1283 2001 Mahw‘
1317 1960 1490 2013 G⁹'’690⁷’
1521 1962 1643 2001 crus!
1675 1973 1742 2001 cm
1772 1961 1897 2001 seim

270 2024 444 2079 Pflichb,
477 2038 561 2068 zm·
599 2025 743 2068 Uniosn
781 2027 1084 2081 beizutrayew,
1118 2031 1201 2071 cleo·
1233 2044 1282 2072 cfr
1316 2031 1466 2073 bisher
1495 2032 1620 2072 w'chl
1651 2032 1898 2084 gemmeus!

266 2095 708 2150 nachsyekommewlss
762 2098 827 2139 ,Εν
857 2100 942 2141 soll
974 2112 1078 2142 zwn
1100 2099 1266 2143 Kouzil
1288 2103 1507 2144 hommem.
1572 2095 1897 2154 l'jberserndwegy

268 2168 350 2209 der
385 2166 667 2221 Gelee‘tbriefe
704 2170 784 2210 des
814 2169 1017 2223 Herzog-s·
1059 2171 1340 2223 (Friedrich)
1387 2185 1464 2214 ron
1505 2165 1753 2214 osterreich
1797 2173 1898 2213 med

269 2239 352 2279 der
384 2236 515 2280 Stadt
547 2238 794 2281 Konstcmz.
860 2240 1126 2295 (Niirnbery
1159 2245 1273 2283 1414
1311 2243 1400 2285 Olet.
1436 2246 1497 2293 4.)

239 2319 400 2353 Petersb.
433 2318 522 2355 Cocl.
547 2320 576 2363 f.
603 2321 649 2354 16
659 2333 669 2361 ;
694 2321 877 2364 Kejwaetysb.
910 2321 998 2356 Cod.
1023 2333 1060 2366 p.
1088 2323 1145 2357 39.

241 2391 565 2443 Sigismundus
580 2391 611 2445 ⁰)
642 2397 730 2434 etc.
767 2396 1158 2437 reverendissimo
1191 2397 1235 2437 in
1272 2396 1457 2438 Christo
1493 2398 1611 2448 patri
1643 2398 1683 2439 d.
1719 2398 1896 2447 Angelo

124 2461 315 2504 Corario
350 2463 457 2504 olim
493 2462 745 2515 Gregorius
785 2465 879 2506 XII.
915 2470 1183 2517 nuncupato
1238 2468 1386 2508 ann‘co
1434 2472 1597 2508 nostro
1651 2470 1896 2510 carissimo

125 2533 325 2574 salutem
359 2536 408 2574 et
449 2535 663 2585 spiritum
707 2536 906 2577 sciencie
949 2540 993 2576 et
1040 2538 1244 2587 pietatis.
1309 2538 1714 2580 Reverendissime
1749 2544 1897 2591 pater,

125 2604 273 2644 amice
307 2605 564 2646 carissime.
620 2605 964 2656 Scripturarum
1000 2608 1251 2648 missarum
1293 2610 1437 2650 series
1474 2622 1554 2660 per
1588 2611 1895 2652 venerabilem

126 2667 358 2715 Andream
373 2671 405 2723 3)
427 2676 826 2727 archiepiscopum
853 2678 1186 2725 (¹ollocensem,
1203 2680 1354 2729 legum
1372 2681 1628 2728 doctorem,
1646 2683 1895 2733 principem

245 2801 275 2831 a)
297 2797 339 2826 So
361 2799 432 2826 hier
452 2800 489 2828 D.
538 2799 569 2833 b)
591 2800 632 2828 So
654 2801 691 2828 D.
741 2802 770 2835 c)
790 2802 882 2830 Dazu
902 2803 954 2830 die
977 2797 1191 2839 l'ffbersehrist:
1221 2806 1295 2832 Alia
1327 2806 1442 2833 littera
1474 2815 1575 2841 super
1605 2808 1744 2841 negocio
1766 2807 1898 2834 unionis

130 2843 220 2878 (folyt
241 2845 265 2873 C
283 2845 436 2878 predicto
458 2847 578 2881 eidem)
600 2849 636 2874 Α.
657 2848 794 2875 Corario
817 2849 956 2876 directa.

249 2893 273 2935 ¹)
300 2894 473 2929 Branda
500 2897 545 2930 (Ie
575 2896 811 2934 Castilltone.

247 2951 273 2995 2)
301 2953 430 2989 Dieses
456 2954 659 2991 Scizi-eihan
686 2968 773 2991 war
799 2958 924 3007 bisheo·
950 2970 1030 2993 mm·
1056 2971 1131 2994 aus
1157 2961 1226 2995 der
1251 2962 1440 3004 Antwm‘t,
1470 2964 1511 2997 in
1545 2964 1613 2997 der
1647 2963 1725 2997 sich
1756 2963 1900 3006 (ἔφερον

130 3011 359 3054 ¹verteidiytc.
386 3013 554 3049 bekannt
579 3015 677 3058 (Vgyl.
706 3016 779 3051 Βῆ.
807 3017 830 3050 I
851 3017 921 3051 203
947 3018 1060 3052 Anna.
1090 3020 1107 3052 1
1137 3019 1222 3054 bctr.
1253 3020 1423 3055 Datum).

249 3069 275 3103 ³)
308 3071 385 3114 Vyl.
415 3073 486 3106 Ra.
516 3074 539 3106 Ι
563 3074 628 3108 Nr.
658 3076 712 3110 73.
