2178 3404
108 192 147 224 E.
199 190 391 224 Benedikt
409 189 506 223 XIII.
535 201 569 222 u.
598 189 632 222 d.
659 189 795 223 Konzil
824 200 857 222 v.
886 189 1195 223 d.Sul)t1·aktion
1224 189 1282 222 bis
1310 189 1474 223 z.Wa111
1503 189 1670 223 Martius
1692 190 1734 223 V.
1791 181 1877 223 567

109 312 196 341 nos
229 299 352 350 loqui
387 298 632 349 cernimus,
666 297 852 338 easdem
889 298 1307 338 reverendissimas
1340 299 1653 349 paternitates
1682 299 1882 340 finaliter

110 371 414 411 obsecrantes
447 380 528 419 per
562 369 744 409 viscera
783 368 1099 409 misericordie
1143 368 1256 409 ‚lesu
1291 367 1461 409 Christi
1507 371 1555 409 et
1600 381 1679 420 per
1724 382 1881 420 asper-

109 441 288 481 sionem
324 439 393 480 sui
418 439 750 490 preciosissimi
775 438 1014 489 sanguinis
1038 441 1291 489 nostreque
1315 440 1653 490 redempcionis
1678 441 1878 491 precium

109 513 375 562 exorantes,
399 511 629 561 quatenus
655 510 850 550 alteram
877 509 931 549 de
966 510 1051 550 viis
1077 522 1177 550 cum
1205 511 1396 560 praticis
1422 512 1502 561 per
1529 511 1880 552 sanctissimum

107 582 342 623 dominum
376 582 591 621 nostrum
627 592 794 630 papam
830 580 1035 630 appertis
1070 582 1318 631 acceptare
1342 583 1389 621 et
1412 581 1631 633 breviter,
1655 584 1879 632 quantum

107 653 151 692 in
185 652 317 693 vobis
352 652 454 702 erit,
488 653 738 692 executare
783 651 967 691 vellitis.
1031 650 1147 691 Nam
1191 662 1247 691 ex
1291 663 1380 702 quo
1423 652 1598 702 lepram
1643 652 1881 693 scismatis

107 736 134 764 a
167 724 335 763 sancta
368 722 565 763 ecclesia
599 723 762 772 optare
795 734 881 762 vos
916 721 1068 762 dicitis
1103 722 1235 762 evelli
1260 722 1500 773 radicitus,
1524 725 1572 763 et
1596 723 1634 762 si
1658 723 1881 773 grandem

107 805 203 834 rem
238 793 436 833 dixisset
467 792 600 833 nobis
628 792 871 843 propheta,
905 803 1057 832 nonne
1080 792 1235 833 facere
1270 792 1517 844 deberetis,
1553 793 1675 834 circa
1699 793 1882 835 difficile

107 863 317 914 equidem
343 863 565 904 virtutem
598 863 858 904 consistere
882 859 1086 913 nostis,²¹)
1109 864 1282 913 quanto
1308 874 1419 914 ergo
1443 863 1617 904 sorcius
1642 876 1735 904 rem
1763 865 1881 904 satis

106 934 289 975 facilem
322 933 640 975 necessariam
675 935 832 974 tamen
868 933 1000 974 vobis
1035 933 1290 974 iniunctam
1326 946 1351 974 a
1376 934 1508 974 vobis
1533 934 1728 984 petitam
1755 937 1882 975 certe

43 997 46 1000 ⁵
107 1016 211 1045 cum
248 1004 368 1046 bona
402 1004 696 1045 consciencia
729 1004 994 1044 nullatenus
1038 1003 1244 1044 refutare
1278 1004 1348 1045 vel
1392 1004 1622 1055 denegare
1668 1005 1882 1055 potestis.

106 1075 253 1116 Nichil
285 1075 405 1116 enim
440 1086 466 1115 a
499 1075 633 1115 vobis
667 1075 855 1126 petitur,
889 1075 977 1114 nisi
1010 1075 1099 1115 loci
1132 1074 1339 1126 libertas,
1380 1075 1424 1115 in
1459 1087 1548 1126 quo
1592 1077 1728 1116 tanta
1768 1076 1882 1117 cele-

107 1145 268 1186 bretur
300 1145 496 1186 ellectio.
547 1143 582 1186 O
606 1147 766 1196 patres
801 1146 1183 1196 prestantissimi,
1218 1157 1381 1186 omnes
1417 1146 1632 1186 clamatis
1667 1148 1714 1186 et
1747 1146 1883 1197 fletis,

107 1227 270 1257 omnes
323 1216 547 1257 audacter
592 1216 826 1266 loquimini
876 1216 1114 1267 multaque
1160 1228 1245 1257 vos
1291 1215 1503 1257 facturos
1554 1229 1636 1267 pro
1685 1217 1884 1257 ecclesia

106 1286 304 1327 unienda
337 1287 627 1337 promittitis,
663 1287 779 1327 alius
814 1287 933 1327 enim
970 1287 1195 1337 intrepide
1228 1287 1456 1337 loquitur:
1491 1298 1576 1338 ego
1611 1300 1692 1338 pro
1717 1290 1884 1329 sancta

106 1357 305 1398 ecclesia
348 1357 612 1398 manifestis
659 1357 916 1398 subicerem
965 1357 1298 1398 auctoritatem
1346 1358 1574 1409 periculis,
1610 1358 1752 1399 alius:
1799 1370 1884 1409 ego

107 1429 304 1468 matrem
352 1439 504 1469 meam
548 1429 696 1469 eciam
741 1440 844 1469 cuin
891 1430 1021 1468 certa
1064 1428 1253 1479 periculi
1297 1428 1386 1469 mei
1431 1429 1687 1470 securitate
1732 1431 1884 1480 prote-

106 1510 278 1551 gerem,
323 1499 461 1539 alius:
505 1511 591 1550 ego
634 1499 831 1540 libenter
873 1499 1169 1549 disponerem
1214 1510 1305 1540 non
1349 1500 1499 1540 solum
1543 1500 1769 1550 capellum
1812 1499 1882 1540 vel

108 1569 310 1621 mitram,
366 1569 447 1610 sed
500 1570 647 1611 eciam
702 1570 866 1621 pellem
923 1582 1004 1620 pro
1060 1569 1187 1621 pelle,
1243 1571 1291 1610 et
1345 1572 1528 1621 cuncta,
1582 1582 1668 1621 que
1721 1570 1884 1621 habeo,

107 1640 265 1681 darem
315 1652 397 1691 pro
448 1642 615 1682 sancta
663 1641 861 1682 ecclesia
906 1643 1058 1681 matre
1107 1653 1225 1692 mea,
1275 1652 1436 1681 omnes
1483 1641 1577 1682 ista
1622 1641 1789 1692 dicitis,
1838 1643 1885 1681 et

108 1712 267 1751 tamen
313 1713 466 1752 mater
514 1714 681 1753 nostra
727 1712 935 1752 clamans
981 1714 1029 1752 et
1077 1712 1266 1762 plorans
1312 1712 1448 1753 nichil
1497 1712 1811 1762 predictorum
1858 1724 1884 1752 a

107 1780 240 1822 nobis
285 1782 442 1834 exigit,
488 1783 570 1823 sed
614 1785 797 1823 tantum
844 1795 939 1823 rem
986 1782 1120 1823 nobis
1166 1782 1433 1824 facillimam
1481 1782 1657 1833 sibique
1703 1794 1883 1823 summe

105 1842 423 1893 necessariam
473 1854 603 1905 petit,
653 1854 836 1895 dicens:
892 1852 928 1895 O
978 1866 1115 1904 quam
1165 1854 1385 1894 terribilis
1434 1856 1509 1894 est
1557 1853 1688 1894 locus
1736 1849 1884 1904 istel),

108 1923 247 1964 tinleo
290 1935 347 1964 ne
390 1924 485 1964 sint
526 1924 785 1965 novissima
803 1920 834 1976 2)
867 1925 1067 1965 hominis
1102 1924 1261 1975 peiora
1299 1924 1543 1975 prioribus,
1585 1924 1730 1974 fugite
1773 1935 1883 1974 ergo

106 1993 162 2034 de
195 1995 322 2035 terra
353 1993 606 2047 Aquilonis,
641 1995 751 2036 dicit
784 1991 1062 2047 Dominus,3)
1099 2007 1301 2046 sponsus
1336 2007 1467 2035 meus
1508 2006 1647 2036 verus
1682 1994 1884 2045 celestis,

107 2065 311 2116 eternus,
357 2067 405 2106 et
437 2065 591 2107 levate
625 2067 842 2107 vexillum
886 2078 1025 2116 super
1057 2066 1332 2117 hereditate,
1377 2066 1483 2116 quia
1525 2065 1695 2106 malum
1733 2065 1881 2105 visum

106 2136 181 2176 est
204 2135 261 2176 ab
297 2136 508 2186 aquilone
538 2139 586 2178 et
610 2137 857 2178 contrictio
894 2133 1115 2188 magnast)
1150 2137 1351 2177 transite
1386 2136 1551 2177 abhinc
1579 2137 1626 2176 et
1650 2136 1707 2176 ad
1744 2136 1881 2176 talem

108 2206 259 2247 locum
284 2207 476 2259 pergite,
506 2207 581 2248 ubi
605 2210 805 2259 stantes,
838 2209 1101 2248 tractantes
1126 2210 1174 2248 et
1202 2208 1533 2249 concludentes
1557 2206 1725 2246 nullius
1754 2218 1884 2246 secu-

108 2276 218 2317 laris
251 2278 507 2327 potestatis
541 2280 695 2319 metus
729 2280 981 2329 exterreat,
1013 2279 1119 2329 quid
1149 2290 1259 2329 ergo
1285 2278 1418 2319 vobis
1452 2279 1611 2328 potest
1643 2288 1749 2317 esse
1775 2276 1885 2316 faci-

108 2347 208 2398 lius,
233 2347 400 2398 quIdve
424 2348 615 2389 deberet
638 2361 742 2389 esse
766 2349 1007 2390 iocundius
1029 2349 1086 2389 ad
1111 2349 1314 2389 omnium
1336 2348 1656 2389 consciencias
1676 2347 1884 2397 quietan-

109 2417 207 2469 das,
231 2430 368 2468 quam
389 2421 559 2470 certos,
580 2432 696 2470 quos
721 2420 928 2471 elegerit,
948 2420 1135 2459 mittere
1154 2419 1385 2459 suficienti
1405 2420 1645 2468 potestate
1666 2417 1884 2469 sufultos,

108 2490 161 2528 ut
194 2489 473 2529 conveniant
507 2502 610 2530 cum
645 2490 936 2530 destinandis
971 2502 997 2530 a
1031 2489 1333 2530 sanctissimo
1369 2489 1409 2529 d.
1433 2501 1475 2529 n.
1511 2501 1631 2539 papa
1664 2488 1707 2528 in
1733 2488 1884 2538 aliquo

110 2558 165 2598 de
210 2558 324 2599 locis
371 2571 451 2609 per
492 2572 627 2600 suam
670 2560 1005 2601 beatitudinem
1049 2560 1317 2611 nominatis,
1363 2560 1509 2601 eciam
1555 2559 1608 2599 de
1652 2558 1753 2610 illis,
1799 2570 1885 2608 que

110 2640 201 2669 non
220 2630 330 2669 sunt
349 2630 434 2670 sub
458 2631 664 2671 eiusdem
688 2631 959 2671 sanctitatis
980 2630 1248 2671 obediencia
1273 2630 1450 2671 situata
1469 2630 1527 2670 ad
1550 2630 1730 2670 unicam
1752 2629 1885 2670 ellec-

111 2699 285 2740 tionem
313 2701 433 2741 unici
458 2702 506 2741 et
528 2702 624 2742 veri
649 2701 844 2742 Romani
878 2701 1111 2752 pontificis
1147 2700 1488 2752 celebrandam,
1522 2700 1643 2751 quod
1667 2700 1706 2740 si
1730 2699 1884 2740 facere

112 2770 397 2823 voluissetIS,
442 2784 533 2812 non
568 2784 654 2813 vos
701 2772 1023 2823 opportuisset
1068 2774 1253 2812 tantum
1296 2772 1525 2823 laborare,
1570 2783 1661 2811 11011
1708 2770 1885 2811 tamdiu

110 2840 339 2891 fatigatos
383 2842 744 2893 confractosque
787 2854 989 2894 manere,
1032 2842 1243 2893 quodque
1279 2843 1317 2882 si
1359 2854 1479 2883 nunc
1522 2841 1710 2892 dignum
1745 2841 1884 2881 duxe-

112 2911 215 2952 ritis
256 2912 466 2953 laborum
513 2912 778 2954 vestrorum
825 2912 1028 2954 fructum
1075 2912 1393 2953 dulcissimum
1440 2914 1486 2953 et
1532 2911 1883 2953 securissimum

230 3044 249 3062 a
284 3036 326 3064 So
347 3038 402 3064 Hs.

235 3037 261 3129 ¹5
288 3085 378 3122 Gen.
402 3088 458 3121 28.
486 3088 542 3121 17.
569 3107 612 3110 -
639 3086 665 3129 ²)
691 3087 827 3121 Matth.
855 3088 909 3128 12,
936 3088 990 3120 45.
1019 3105 1063 3109 —
1089 3085 1116 3129 ³)
1143 3086 1254 3121 Zach.
1282 3087 1313 3128 2,
1340 3086 1373 3120 6.
1400 3104 1444 3108 —
1470 3083 1498 3128 ⁴)
1525 3085 1600 3120 Jer.
1627 3086 1659 3121 6,
1688 3084 1718 3118 1.
