2178 3404
112 167 153 202 E.
204 167 400 202 Benedikt-
415 168 514 202 XIII.
541 180 576 202 u.
604 169 638 201 d.
657 167 795 202 Konzil
823 180 857 202 v.
886 168 920 202 d.
948 168 1201 203 Subtraktion
1229 168 1288 203 bis
1315 181 1345 202 z.
1365 170 1480 204 Wahl
1508 170 1673 205 Martius
1693 172 1737 205 V.
1795 163 1880 205 595

111 277 199 329 qui,
233 277 342 318 licet
373 277 602 328 indignus,
638 276 808 318 Christi
851 278 1068 330 vicarius,
1108 291 1357 320 successor
1400 279 1535 331 Petri,
1581 284 1738 322 rector
1782 283 1878 322 uni-

110 348 308 388 versalis
354 348 550 388 ecclesie
596 350 643 388 et
687 349 843 399 gregis
890 349 1104 390 dominici
1147 352 1218 389 est
1266 350 1482 401 director,
1528 353 1881 401 presencialiter

111 418 344 469 obligatur
385 419 431 459 et
472 430 564 459 non
610 420 793 458 tantum
844 430 1089 469 corporum
1126 451 1133 459 .
1170 452 1178 460 .
1215 452 1221 458 .
1269 423 1315 460 et
1362 422 1619 462 animarum
1664 424 1878 473 periculis

111 488 300 530 obviare
333 491 380 530 et
413 500 552 540 super
584 489 684 539 hiis,
719 501 804 539 que
839 489 895 529 ad
929 489 1004 529 illa
1040 490 1286 541 pertinent,
1321 492 1694 545 exlmrtaciones,
1734 495 1879 534 moni-

111 560 282 611 ciones,
321 560 712 611 protestaciones,
748 562 967 610 precepta
1002 562 1049 600 et
1083 561 1406 602 ordinaciones
1441 562 1610 603 facere.
1644 565 1688 603 in
1715 564 1879 615 quibus

109 629 287 670 fatetur
318 642 368 670 se
403 629 619 670 debuisse
654 630 768 671 alios
804 631 1056 680 prevenire.v
1092 634 1160 671 set
1191 635 1438 685 postquam
1465 634 1562 674 eius
1592 635 1879 685 negligencia

110 703 336 751 preventa
371 701 618 742 occasione
651 701 1021 751 presentacionis
1056 702 1282 751 premisse
1318 703 1476 743 cedule
1500 706 1746 757 excitatur,
1781 708 1879 757 ipse

108 774 305 822 urgente
333 772 638 823 consciencia,
662 774 711 812 ut
737 773 933 813 ecclesie
957 772 1205 823 opprobria
1229 775 1273 813 et
1301 774 1558 815 animarum
1586 777 1879 819 imminencia

107 844 310 895 pericula
343 843 591 895 evitentur,
626 843 836 894 prefatos
871 845 1161 895 requirentes
1196 849 1238 885 et
1272 849 1596 895 protestantes
1628 860 1728 888 cum
1756 850 1878 889 omni

108 914 307 955 caritate
339 913 571 965 hortatur,
606 914 728 965 quod
761 914 803 954 in
840 914 927 955 hac
963 916 1056 955 tam
1095 916 1356 965 periculosa
1390 919 1588 958 materia
1611 931 1702 959 non
1728 920 1875 960 solum

107 996 223 1035 pape
256 986 305 1025 et
337 985 519 1036 eismet,
564 986 638 1025 set
671 986 773 1025 toto
819 986 986 1035 populo
1022 986 1276 1027 christiano
1312 989 1360 1027 et
1394 989 1642 1029 universali
1683 990 1878 1031 ecclesIe

107 1056 313 1106 pericula
348 1055 663 1096 verisimiliter
697 1059 983 1106 proventura
1017 1058 1168 1107 caute,
1204 1058 1417 1099 modeste
1465 1072 1517 1099 ac
1565 1060 1732 1101 devote
1780 1073 1878 1111 pre-

106 1127 297 1168 videant
319 1129 367 1168 et
401 1127 609 1178 paternis
643 1128 834 1167 monitis
870 1140 921 1168 ac
957 1128 1368 1169 exhortacionibus
1404 1142 1533 1181 pape,
1568 1133 1615 1171 ut
1647 1134 1878 1182 tenentur,

106 1200 303 1248 pareant
337 1200 385 1238 et
417 1198 675 1248 intendant,
719 1210 835 1248 quos
876 1200 927 1238 ut
967 1199 1009 1238 in
1050 1211 1272 1248 processu
1311 1201 1594 1250 agendorum
1638 1203 1878 1243 cauciores

106 1268 287 1319 reddat,
321 1280 402 1309 eos
436 1280 557 1309 nunc
592 1271 777 1309 amonet
813 1271 857 1309 et
894 1270 1087 1320 requirit
1119 1282 1341 1321 expresse
1376 1274 1649 1321 protestans
1690 1273 1744 1313 de
1778 1274 1878 1324 hiis,

106 1351 193 1390 que
226 1340 271 1379 in
304 1340 607 1390 sequentibus
643 1340 966 1380 continentur:

224 1410 282 1451 Et
304 1411 467 1462 primo,
487 1410 609 1461 quod
628 1410 814 1451 omnino
840 1415 1052 1462 caveant,
1077 1423 1132 1452 ne
1153 1413 1354 1452 divinum
1376 1413 1680 1465 privillegium
1703 1417 1873 1455 terreni

105 1482 153 1521 et
197 1481 386 1522 celestis
439 1481 616 1531 imperii
666 1485 972 1522 sacrosancte
1022 1484 1187 1523 matris
1235 1484 1430 1524 ecclesie
1476 1485 1874 1537 qualitercumque

104 1552 389 1603 impugnent,
424 1552 689 1603 specialiter
721 1552 829 1593 illud
864 1553 1076 1594 submitti
1112 1554 1315 1594 inferiori
1332 1555 1364 1606 ¹¹)
1406 1555 1571 1596 iudicio
1607 1558 1876 1606 asserendo,

104 1623 417 1674 attendentes,
451 1624 675 1673 quantum
710 1623 754 1662 in
788 1623 873 1664 hoc
900 1627 1115 1664 versetur
1139 1626 1407 1677 periculum,
1441 1627 1564 1677 dum,
1593 1627 1712 1668 sicut
1738 1628 1875 1668 habe-

104 1695 181 1734 tur
213 1694 256 1733 in
292 1703 482 1744 canone,
517 1694 724 1744 quisquis
759 1694 943 1734 cuilibet
979 1695 1174 1736 ecclesie
1197 1696 1268 1736 ius
1294 1708 1426 1737 suum
1454 1697 1671 1749 detrahit,
1697 1699 1875 1739 iniusti-

107 1764 222 1804 cian]
258 1763 386 1815 facit,
411 1764 484 1815 qui
511 1766 664 1804 autem
691 1764 900 1805 Romane
923 1766 1117 1806 ecclesie
1141 1767 1444 1817 privillegium
1471 1768 1527 1808 ab
1559 1769 1659 1818 ipso
1691 1781 1874 1809 summo

104 1835 307 1876 omnium
344 1835 645 1876 ecclesiarum
681 1836 832 1886 capite
868 1837 1091 1877 traditum
1129 1837 1312 1877 auferre
1353 1840 1563 1882 conatur.
1604 1839 1675 1880 hic
1716 1842 1873 1890 procul

103 1905 240 1946 dubio
274 1906 318 1946 in
352 1906 551 1946 heresim
586 1905 770 1957 labitur,
805 1909 849 1947 et
886 1919 987 1947 cum
1035 1907 1108 1947 ille
1152 1920 1260 1948 vere
1305 1911 1501 1949 vocetur
1545 1910 1759 1961 iniustus,
1804 1911 1874 1951 hic

104 1978 178 2016 est
211 1976 432 2017 dicendus
467 1974 752 2025 hereticus.¹)

222 2046 433 2088 Secundo
467 2059 549 2088 eos
584 2048 815 2099 hortatur,
850 2051 1006 2089 monet
1042 2051 1087 2089 et
1124 2050 1327 2100 requirit,
1363 2051 1482 2101 quod
1519 2052 1705 2093 omnino
1740 2065 1874 2093 cave-

103 2118 198 2168 ant,
231 2129 288 2157 ne
321 2129 403 2168 per
436 2129 548 2158 suas
584 2119 840 2168 premissas
875 2120 1208 2170 requisiciones
1250 2121 1351 2161 aliis
1392 2133 1507 2171 pape
1551 2122 1874 2164 obedientibus

103 2187 344 2228 audaciam
380 2188 450 2229 vel
486 2189 783 2229 occasionem
818 2201 868 2229 se
903 2190 1206 2231 subtrahendi
1241 2191 1296 2231 ab
1331 2192 1430 2232 eius
1465 2193 1734 2233 obediencia
1774 2206 1874 2244 pre-

101 2256 243 2298 beant
275 2270 359 2298 nec
393 2259 494 2299 iura
526 2259 598 2299 vel
631 2259 862 2300 iusticiam
901 2273 1032 2301 suam
1069 2264 1113 2301 et
1150 2262 1357 2302 Romane
1383 2263 1576 2303 ecclesie
1602 2265 1872 2314 protegendi

101 2329 149 2368 et
173 2329 484 2379 consequendi
509 2329 768 2371 difficiliora
800 2331 1011 2382 reddant,
1047 2364 1055 2372 .
1081 2364 1089 2371 .
1115 2364 1122 2371 .
1148 2333 1205 2372 ad
1234 2344 1320 2382 que
1345 2345 1423 2383 pre
1459 2334 1638 2373 cunctis
1664 2333 1872 2375 fidelibus

101 2410 152 2438 se
185 2410 302 2449 pape
336 2399 569 2449 obligatos
604 2404 909 2451 cognoscunt.

220 2468 381 2510 Tercio
415 2471 544 2520 ipsos
580 2471 800 2511 admonet
833 2474 879 2512 et
914 2473 1118 2523 requirit,
1152 2486 1209 2514 ne
1234 2485 1313 2524 per
1337 2474 1669 2524 requisiciones
1694 2477 1741 2515 et
1770 2488 1872 2526 pro-

102 2540 390 2580 testaciones
425 2541 660 2590 predictas
694 2542 764 2582 vel
802 2543 976 2583 similes
1011 2544 1067 2584 ad
1093 2544 1463 2584 subtractionem
1500 2545 1555 2585 ab
1587 2546 1731 2594 ipsius
1755 2559 1872 2597 pape

102 2609 369 2651 obediencia
403 2612 784 2662 qualemcumque
818 2613 1176 2663 disposicionem
1213 2616 1284 2655 vel
1319 2616 1589 2666 principium
1626 2628 1705 2657 seu
1748 2617 1869 2657 viam

102 2681 356 2732 apperiant,
404 2684 675 2732 protestans
719 2683 773 2723 de
823 2685 1050 2735 periculis,
1098 2697 1183 2735 que
1229 2686 1397 2726 nedum
1444 2687 1524 2736 eis,
1571 2688 1641 2726 set
1690 2688 1870 2728 cunctis

100 2750 309 2791 fidelibus
333 2753 381 2792 et
404 2752 654 2792 universali
679 2753 873 2793 ecclesie
898 2755 1001 2795 inde
1025 2758 1221 2805 possent
1245 2757 1589 2797 verissimiliter
1613 2759 1870 2807 provenire,

101 2822 298 2862 attentis
345 2823 766 2863 constitucionibus
814 2826 908 2864 tam
952 2837 1145 2875 corpore
1186 2826 1299 2866 iuris
1344 2827 1516 2867 clausis
1551 2840 1686 2878 quam
1732 2841 1871 2879 super

98 2892 186 2933 hoc
218 2904 299 2944 per
333 2905 383 2933 se
417 2895 499 2934 aut
533 2906 645 2934 suos
680 2894 1040 2944 predecessores
1075 2897 1341 2946 specialiter
1373 2898 1522 2938 editis.

216 3021 247 3049 a)
268 3017 317 3043 Hs
337 3017 485 3043 inferior.

221 3064 244 3106 ¹)
271 3066 369 3100 Dist.
395 3067 443 3099 22
468 3077 494 3101 c.
524 3067 552 3099 1.

1569 3132 1651 3172 38*
