2178 3404
567 181 602 214 C.
655 181 724 214 Die
753 180 1083 223 Verbandlungen
1112 189 1185 213 von
1216 178 1448 221 I'erpignan.
1805 169 1890 209 489

117 294 253 334 erunt
300 291 453 333 omnia
505 292 611 330 acta
661 301 740 340 per
788 288 1023 329 dominum
1073 290 1287 328 nostrum
1335 289 1379 327 et
1429 287 1546 327 alios
1592 288 1634 326 in
1684 287 1890 337 negociis

117 362 312 404 ecclesie
355 361 536 402 unionis
573 392 579 398 .
616 391 624 399 .
661 393 667 400 .
734 360 847 399 Item
891 358 1073 408 placeat
1112 390 1118 398 .
1155 390 1162 397 .
1199 390 1206 397 .
1250 370 1515 409 procurare.
1552 390 1559 398 .
1597 389 1603 396 .
1641 389 1647 398 .
1696 357 1817 408 quod
1850 357 1890 396 d.

116 433 277 484 regina
324 434 369 472 et
419 430 797 481 archiepiscopus
846 428 1107 469 rescribant
1156 428 1331 469 forcius
1382 429 1482 468 illis.
1532 428 1696 479 quibus
1747 439 1893 478 nuper

117 503 421 554 scripserunt,
463 501 742 542 mandantes
786 499 1172 540 ambaxatoribus
1217 499 1416 540 (iastelle
1462 499 1734 549 Perpiniani,
1779 532 1785 538 .
1831 529 1838 537 .
1885 530 1891 537 .

118 574 240 626 quod
274 573 437 615 statim
471 573 796 623 protestentur
820 572 987 611 contra.
1020 581 1190 620 regem.
1225 570 1346 620 quod
1370 571 1414 610 in
1449 570 1588 610 factis
1624 581 1703 620 per
1736 580 1890 619 regem

114 656 206 685 non
249 643 567 685 consenciant.
633 641 688 681 Et
733 641 820 681 hoc
864 639 992 680 facto
1035 642 1350 680 revertantur.
1395 641 1513 681 sicut
1550 640 1641 680 iam
1677 636 1893 690 scripsi.¹)

118 714 177 755 Et
211 726 350 766 super
383 713 538 755 omnia
573 712 775 762 faciatis,
819 710 940 762 quod
975 711 1015 750 d.
1051 709 1306 751 Toletanus
1347 710 1519 751 scribat
1559 742 1566 750 .
1603 743 1609 750 .
1647 743 1654 751 .
1718 710 1893 751 Didaco

119 786 173 826 de
198 785 393 836 Vadillo,
428 784 503 835 qui
537 786 609 824 est
635 783 723 824 olla
758 782 957 822 istorum
992 783 1283 822 tractatuum
1314 785 1358 822 et
1396 781 1748 823 tribulacionum
1787 793 1893 822 con-

116 859 191 897 tra
225 865 407 907 papam.
472 855 565 895 Iste
611 853 821 905 proditor
866 854 937 892 est
985 852 1137 892 malus
1183 851 1321 893 homo
1357 855 1400 893 et
1445 852 1535 892 iste
1582 852 1895 903 principaliter

116 926 295 967 induxit
336 937 494 977 regem
530 925 587 966 ad
620 924 883 966 faciendum
918 923 1058 974 ligam
1094 925 1138 963 et
1183 925 1420 964 tractatus
1456 935 1559 964 cum
1599 923 1894 973 imperatore.

236 997 493 1048 Postquam
528 995 693 1046 scripsi
728 995 860 1035 vobis
895 1006 976 1044 per
1009 994 1221 1034 ultimum
1263 1005 1516 1034 cursorem.
1560 993 1705 1034 multa
1739 1005 1820 1044 per
1854 993 1894 1033 d.

118 1079 276 1118 regem
301 1066 570 1117 Aragonum
596 1068 707 1106 sunt
729 1065 974 1114 innovata3
1010 1076 1096 1115 que
1124 1066 1173 1104 ut
1199 1064 1363 1104 melius
1389 1064 1565 1115 sciatis.
1599 1065 1736 1105 mitto
1762 1064 1894 1105 vobis

119 1138 300 1189 copiam
343 1138 475 1178 litere
517 1136 653 1178 michi
697 1136 751 1176 de
796 1135 1070 1186 Perpiniano
1117 1135 1362 1185 superinde
1409 1135 1552 1175 misse
1599 1135 1895 1185 presentibus

117 1204 483 1259 interclusaln.²)
531 1207 692 1257 Credo,
727 1207 833 1247 dum
869 1207 1088 1257 legeritis.
1124 1206 1306 1247 viscera
1340 1208 1500 1247 vestra
1536 1205 1895 1247 commovebun-

119 1283 197 1321 tur
230 1312 238 1320 .
274 1312 282 1320 .
318 1311 325 1320 .
360 1279 483 1320 Ante
507 1278 804 1320 concordiam
839 1278 980 1318 istam
1006 1289 1085 1318 rex
1118 1280 1465 1328 atemptaverat
1497 1277 1894 1318 substractionem

118 1350 289 1402 facere,
324 1353 398 1392 set
437 1350 544 1401 quia
583 1349 945 1390 determinatum
987 1348 1072 1389 fuit
1114 1348 1265 1389 locum
1306 1341 1396 1389 non
1437 1347 1621 1398 habere.
1658 1380 1665 1388 .
1702 1380 1709 1387 .
1747 1380 1752 1386 .
1789 1347 1896 1388 deli-

119 1421 303 1462 beravit
344 1433 426 1472 per
465 1420 600 1462 aliam
636 1420 760 1460 viam
805 1421 969 1460 contra
1009 1431 1176 1470 papam
1214 1450 1220 1458 .
1258 1451 1264 1458 .
1301 1451 1308 1458 .
1344 1419 1594 1469 procedere
1632 1418 1894 1469 recipiendo

119 1504 202 1544 pro
245 1491 566 1543 funda-mento,
610 1490 731 1541 quod
772 1502 893 1541 papa
937 1489 1143 1530 (ss'lement
1188 1490 1495 1540 predecessor
1536 1502 1649 1530 suus
1683 1501 1775 1530 non
1809 1489 1893 1530 fuit

120 1574 260 1604 verus
294 1574 414 1614 papa
438 1594 446 1602 .
472 1594 480 1602 .
506 1593 514 1602 .
539 1561 606 1602 Ex
641 1573 729 1612 quo
758 1561 959 1612 potestis
994 1560 1146 1601 dicere
1181 1560 1220 1600 d.
1246 1561 1416 1612 regine,
1452 1560 1495 1600 in
1530 1563 1753 1611 quantum
1780 1560 1896 1611 peri-

121 1633 273 1674 culum
316 1633 447 1685 ponit
488 1645 590 1674 eam
626 1644 708 1673 rex
742 1632 1012 1682 Aragonum
1048 1634 1093 1671 et
1127 1631 1268 1672 filium
1314 1644 1447 1672 suum
1484 1663 1491 1671 .
1528 1663 1535 1671 .
1572 1663 1578 1671 .
1614 1634 1657 1671 et
1703 1642 1896 1681 regnum

123 1704 337 1746 Castelle.
400 1704 517 1745 Nam
552 1703 676 1745 dicta
711 1703 750 1743 d.
785 1703 958 1753 regina.
993 1706 1042 1742 ut
1079 1703 1225 1753 scitis.
1270 1714 1360 1743 non
1396 1704 1583 1753 poterat
1619 1701 1897 1743 contrahere

123 1787 226 1816 cum
261 1786 369 1826 rege
403 1774 603 1815 Castelle
637 1776 770 1824 patre
800 1773 936 1814 istius
971 1775 1057 1814 etc.
1093 1778 1137 1814 et
1173 1786 1306 1824 papa,
1341 1776 1389 1814 ut
1426 1773 1572 1823 scitis.
1606 1773 1894 1823 dispensavit

123 1858 226 1887 cum
250 1846 317 1887 eis
351 1846 396 1887 in
419 1845 734 1895 matrimonio.
769 1857 823 1886 ex
859 1844 1022 1895 quibus
1052 1846 1326 1895 procreatus
1361 1847 1431 1885 est
1468 1856 1548 1885 rex
1574 1843 1787 1893 Castelle.
1823 1844 1896 1894 qui

121 1929 242 1958 nunc
284 1919 371 1958 est.
447 1916 613 1957 Videat
658 1928 768 1967 ergo
812 1916 852 1956 (1.
897 1916 1055 1967 regina
1100 1915 1367 1967 periculum,
1417 1916 1551 1966 quod.
1601 1916 1639 1956 si
1683 1915 1896 1956 dominus

122 1990 286 2029 noster
318 1999 409 2029 non
443 1990 517 2029 est
551 1999 690 2028 verus
724 1999 857 2038 papa.
901 1998 992 2028 non
1027 1987 1152 2027 valet
1187 1986 1482 2037 dispensacio
1518 1987 1616 2027 eius
1652 1999 1753 2028 cum
1789 1998 1897 2037 rege

122 2061 171 2100 et
203 2059 363 2110 regina
396 2047 538 2110 facta.
572 2060 621 2099 ut
656 2058 902 2109 prefertur.
937 2060 983 2099 et
1018 2070 1098 2109 per
1129 2069 1421 2108 consequens
1455 2070 1536 2099 rex
1571 2057 1771 2099 (fastelle
1805 2070 1897 2099 non

122 2132 197 2171 est
228 2129 465 2181 legitimus
489 2132 563 2172 set
596 2129 863 2170 bastardus.
912 2129 967 2170 Et
1003 2130 1040 2170 si
1073 2141 1165 2170 non
1199 2132 1271 2170 est
1296 2129 1545 2180 legitimus.
1580 2141 1771 2180 regnum
1807 2142 1897 2170 non

123 2201 325 2252 pertinet
360 2201 418 2242 ad
450 2213 554 2242 eum
595 2204 669 2243 set
704 2201 760 2242 ad
800 2212 956 2251 regem
997 2201 1268 2251 Aragonum
1305 2232 1312 2241 .
1349 2232 1356 2240 .
1393 2232 1400 2240 .
1434 2200 1499 2240 De
1540 2200 1645 2241 istis
1680 2201 1898 2241 secretis-

123 2271 239 2312 sime
264 2271 508 2313 avisabitis
533 2272 573 2312 d.
598 2272 821 2323 reginam.
857 2272 977 2313 sicut
1003 2271 1170 2322 scribo.
1202 2273 1247 2312 et
1271 2271 1460 2322 sorcius,
1485 2271 1550 2312 ita
1576 2274 1622 2312 ut
1649 2272 1898 2322 impromp-

124 2340 311 2394 tenu-(5³)
344 2343 388 2383 in
422 2355 478 2384 ea
512 2343 682 2394 aliquid
705 2343 981 2384 diabolicum
1017 2345 1182 2383 contra
1216 2354 1371 2393 regem
1409 2342 1679 2393 Aragonum
1715 2344 1761 2382 et
1794 2354 1898 2393 pro-

124 2415 320 2455 vocet-ur
353 2417 519 2455 contra
552 2426 670 2454 eum.
718 2414 772 2454 Et
799 2413 985 2454 faciatis
1015 2413 1215 2463 omnino,
1250 2413 1371 2463 quod
1406 2413 1649 2454 confessor
1677 2413 1716 2453 d.
1742 2413 1897 2464 regine

125 2484 211 2524 sibi
245 2484 371 2526 dicat
403 2485 447 2525 in
482 2484 777 2526 confessione
812 2488 857 2525 et
893 2484 994 2525 foro
1020 2484 1308 2526 consciencie
1343 2484 1421 2535 ita,
1455 2483 1577 2534 quod
1609 2483 1697 2524 hoc
1731 2484 1791 2524 sit
1827 2496 1897 2524 se-

126 2556 304 2595 cretum
343 2555 464 2595 inter
505 2567 600 2595 eos.
666 2555 723 2596 Et
767 2555 992 2602 caveatis.
1036 2554 1158 2605 quod
1193 2587 1200 2595 .
1237 2586 1244 2594 .
1281 2587 1288 2595 .
1324 2555 1384 2595 sit
1429 2556 1663 2595 secretum
1708 2557 1753 2595 et
1797 2554 1898 2605 plus

127 2637 265 2676 quam
289 2627 521 2666 secretum
548 2626 669 2666 inter
693 2638 776 2666 vos
805 2629 849 2666 et
886 2625 1207 2666 confessorem
1242 2628 1287 2666 et
1312 2625 1535 2676 reginam.
1583 2625 1687 2666 Ideo
1711 2625 1898 2666 faciatis

128 2696 330 2746 omnino,
365 2696 487 2747 quod
519 2695 603 2737 hec
639 2695 884 2736 confessor
917 2695 1039 2736 dicat
1076 2696 1232 2746 regine
1266 2698 1311 2736 et
1346 2707 1437 2737 non
1473 2708 1571 2736 vos.
1619 2695 1698 2736 Set
1734 2708 1898 2737 cavea-

127 2766 188 2807 tis
231 2766 286 2807 de
330 2767 678 2817 archiepiscopo
713 2767 938 2808 Toletano
984 2798 991 2806 .
1028 2798 1035 2806 .
1071 2798 1078 2806 .
1115 2766 1287 2808 Cursor
1329 2767 1451 2808 lator
1493 2767 1784 2817 presencium
1819 2779 1898 2807 vo-

127 2839 263 2878 catus
297 2836 520 2878 Alfonsus
544 2837 842 2879 Dalmasanci
876 2837 1011 2878 debet
1046 2838 1110 2878 ire
1145 2837 1203 2878 ad
1236 2850 1322 2879 vos
1356 2838 1400 2878 in
1435 2850 1516 2879 sex
1552 2838 1726 2878 diebus.
1774 2837 1898 2877 Arri-

127 2907 194 2959 pit
225 2908 315 2949 iter
347 2908 481 2950 hodie
512 2908 697 2950 sabbati
722 2908 838 2949 XXI.
885 2908 1154 2949 Decembris
1187 2909 1303 2950 hora
1331 2909 1404 2950 IX.
1430 2911 1538 2950 ante
1571 2908 1897 2950 meridiem...

248 3033 272 3077 ¹)
302 3035 383 3078 Vyl.
411 3035 479 3069 Nr.
506 3036 586 3070 209.

246 3093 272 3132 ²)
300 3093 409 3131 Fehlt
433 3095 526 3138 [etzt.
