2178 3404
279 156 366 200 574
537 202 548 209 ,
633 166 694 200 III.
722 165 942 199 Abschnitt.
994 164 1188 199 Benedikt
1215 164 1314 198 XIII.
1345 165 1423 198 und
1451 166 1521 200 das
1548 164 1697 199 Konzil.

280 272 418 323 nos.1)
464 276 579 316 Nam
605 278 652 315 et
677 275 715 315 si
739 275 865 315 istud
889 274 1099 327 fecerint,
1125 275 1245 326 quod
1270 275 1325 316 de
1349 275 1508 316 multis
1531 287 1623 316 non
1647 277 1722 316 est
1739 276 2055 317 verisimiliter

280 347 653 397 presumendum,
705 378 712 386 .
758 378 765 386 .
798 341 818 398 ξ.
867 348 994 387 recte
1044 358 1147 387 cum
1197 347 1358 386 eodem
1410 344 1624 396 Cipriano
1674 347 1903 387 dicemus:
1953 348 2052 388 Non

278 419 488 468 interest,
530 417 630 467 quis
672 417 832 457 tradat
872 418 953 457 aut
993 417 1160 469 seviat,
1201 429 1303 458 cum
1338 417 1563 457 Dominus
1604 418 1725 458 tradi
1766 418 1974 468 permitit
2006 420 2054 459 et

280 488 507 529 c‹⁷›ronari.
572 488 665 527 Nec
699 488 833 528 nobis
867 487 1120 537 ignominia
1153 489 1227 527 est
1260 487 1357 538 pati
1391 500 1418 528 a
1451 487 1692 539 fratribus,
1726 489 1848 539 quod
1881 501 2053 539 passus

278 562 352 599 est
387 559 616 610 Christus,
650 570 734 599 nec
768 558 856 598 illis
890 558 1039 608 gloria
1072 560 1147 599 est
1179 557 1348 609 facere,
1384 559 1505 609 quod
1539 557 1650 599 fecit
1682 559 1829 599 Judas
1864 561 1912 599 et
1946 571 2053 600 vere

278 632 550 680 poteramus
576 629 866 680 proclamare
894 630 1245 670 sanctissimum
1272 630 1507 670 dominum
1531 632 1746 670 nostrum
1770 630 1903 682 filios,
1938 643 2054 681 quos

278 701 504 741 enutrivit
519 703 567 741 et
582 700 813 740 exaltavit
827 696 857 751 ²)
875 702 1041 741 contra
1059 702 1275 741 naturam
1294 701 1529 741 invenisse
1549 702 1770 752 tortores,
1790 712 1906 751 quos
1925 713 2054 752 repe-

278 772 367 811 rire
387 771 544 812 debuit
564 772 979 812 constantissimos
996 771 1282 812 defensores.
1308 771 1530 812 Finaliter
1547 772 1704 822 itaque
1724 772 2055 813 concludentes

278 843 488 893 dicimus,
517 843 639 893 quod
664 843 720 882 ad
746 843 1161 893 congregacionem
1188 842 1468 883 Constancie
1492 843 1557 883 ire
1580 854 1671 882 non
1696 855 1947 894 possumus
1971 856 2054 885 nec

279 913 500 953 debemus
519 925 603 954 nec
622 912 695 954 fas
715 915 790 953 est
809 925 895 953 nos
917 913 1152 954 dimittere
1171 914 1336 965 locum,
1356 913 1431 953 ubi
1451 914 1495 953 in
1516 914 1692 963 cespite
1712 916 1839 955 terra
1857 914 2056 956 fecunda

279 984 495 1024 dominici
511 985 702 1024 seminis
722 985 975 1035 puritatem
997 987 1193 1025 centeno
1214 984 1368 1025 fructu
1388 984 1548 1036 refert,
1570 986 1614 1025 et
1636 985 1693 1025 ad
1708 985 1833 1026 illum
1849 997 2055 1037 pergere,

280 1055 357 1095 ubi
392 1055 535 1095 sulcis
571 1056 741 1096 obruta
775 1055 1011 1096 frumenta
1044 1056 1088 1095 in
1122 1056 1276 1096 lolium
1313 1068 1581 1106 anonasque
1615 1056 1914 1106 degenerant,
1947 1069 2055 1108 ymo

280 1125 439 1176 fugere
463 1138 549 1166 nos
575 1129 792 1177 opportet
817 1126 873 1166 ab
898 1127 988 1167 olla
1013 1138 1254 1168 succensa.
1285 1126 1414 1167 cuius
1439 1127 1605 1167 faciem
1633 1128 1863 1168 cernimus
1889 1141 1914 1169 a
1937 1128 2056 1169 facie

280 1197 522 1249 aquilonis,
547 1208 601 1237 ex
627 1209 730 1248 qua,
754 1197 841 1237 nisi
865 1197 990 1238 Deus
1016 1198 1249 1248 advertat,
1274 1198 1503 1248 pandetur
1527 1192 1663 1247 omne
1686 1196 1912 1250 maluntss)
1958 1200 2056 1240 Vos

281 1270 451 1317 autem,
486 1268 559 1318 qui
585 1268 854 1308 vexillarius
879 1268 1087 1309 Romane
1116 1268 1310 1309 ecclesie
1338 1269 1469 1319 estis,
1504 1269 1719 1319 princeps
1744 1270 2056 1321 serenissime,

279 1339 436 1378 levare
467 1338 645 1379 debetis
670 1339 889 1379 vexillum
915 1351 1053 1390 super
1084 1339 1359 1390 hereditate,
1396 1340 1501 1390 quia
1528 1340 1701 1380 malum
1725 1340 1876 1381 visum
1901 1343 1976 1381 est
2000 1341 2056 1382 ab

280 1410 494 1459 aquilone
517 1412 563 1450 et
588 1409 800 1450 confusio
825 1422 997 1461 magna
1019 1411 1156 1451 nimis
1171 1407 1218 1461 3⁴)
1243 1410 1363 1461 quod
1387 1412 1438 1451 ut
1460 1410 1662 1461 faciatis,
1696 1412 1854 1452 sedem
1879 1412 2058 1453 scilicet

281 1480 585 1529 apostolicam
622 1480 666 1520 in
692 1512 699 1520 .
727 1512 734 1520 .
761 1513 768 1521 .
805 1481 950 1521 vestri
985 1481 1202 1531 scrupulo
1237 1481 1546 1522 constitutam
1571 1483 1618 1521 et
1653 1482 1900 1522 crudeliter
1927 1494 2056 1523 coar-

282 1553 446 1597 tatam,
481 1551 735 1591 secundum
760 1552 878 1602 quod
906 1552 1098 1603 obligati
1122 1552 1238 1592 estis
1270 1552 1535 1602 specialiter
1560 1553 1849 1603 protegendo
1873 1556 1921 1594 et
1944 1565 2055 1594 vero

280 1622 450 1661 t'liristi
477 1622 650 1663 vicario
676 1622 859 1663 debitos
883 1623 1108 1664 honorem
1133 1625 1180 1663 et
1208 1623 1524 1663 reverenciam
1553 1623 1860 1673 impendendo
1885 1626 1932 1665 et
1954 1625 2056 1665 vias

277 1704 380 1732 cum
402 1693 595 1743 praticis
616 1705 696 1743 per
719 1705 850 1733 suam
879 1695 1183 1734 sanctitatem
1206 1696 1396 1744 apertas
1416 1705 1497 1744 pro
1519 1694 1686 1734 unione
1710 1695 1905 1736 ecclesie
1924 1707 2056 1736 vera-

280 1763 396 1803 citer
415 1764 741 1814 consequenda
760 1765 1122 1815 magnanimiter
1141 1776 1222 1815 pro
1243 1764 1477 1815 sequendo
1498 1767 1656 1805 vestre
1675 1766 1800 1816 regie
1818 1767 2057 1807 maiestati

280 1834 595 1884 supplicamus
638 1836 699 1886 et,
747 1836 934 1886 quantis
981 1847 1247 1887 possumus,
1294 1847 1545 1876 exoramus
1589 1836 1842 1886 precordiis
1889 1839 1936 1877 et
1978 1848 2058 1887 per

278 1905 461 1945 viscera
496 1906 812 1946 misericordie
844 1906 956 1947 Jesu
993 1906 1164 1946 Christi
1210 1906 1403 1946 eandem
1439 1907 1743 1947 serenitatem
1779 1908 2056 1958 requirimus

278 1978 323 2015 et
359 1978 583 2027 ortamur,
627 1978 675 2016 ut
718 1977 900 2017 cunctis
945 1977 1143 2017 sublatis
1187 1977 1446 2017 obstaculis
1489 1977 1696 2027 prelatos
1731 1979 1859 2026 regni
1894 1979 1965 2018 sui
2000 1978 2057 2018 ad

278 2058 411 2086 suum
440 2058 597 2086 verum
625 2048 787 2097 capud,
823 2061 848 2087 a
873 2060 962 2098 quo
988 2048 1045 2088 ad
1077 2060 1261 2088 sacrum
1289 2048 1532 2088 concilium
1557 2049 1714 2088 vocati
1740 2050 1864 2099 sunt,
1899 2049 2056 2089 venire

278 2117 537 2168 permittat,
574 2118 732 2158 taliter
766 2119 886 2169 quod
928 2118 1140 2159 Romano
1174 2118 1379 2169 pontifici
1414 2118 1558 2158 libera
1593 2119 1789 2170 possint,
1823 2122 1875 2159 ut
1908 2120 2056 2170 decet,

279 2189 523 2237 provenire
548 2189 741 2229 consilia
766 2191 809 2229 et
836 2189 1049 2230 Romana
1074 2190 1201 2230 curia
1230 2188 1499 2239 perfruatur
1533 2189 1800 2230 omnimoda
1824 2190 2056 2241 libertate,

282 2258 411 2298 (xiiius
461 2259 763 2309 adempcione
810 2260 984 2300 scisma
1029 2260 1225 2300 intravit
1270 2261 1318 2299 et
1363 2260 1461 2299 sine
1508 2260 1638 2300 cuius
1683 2262 1985 2310 possessione
2032 2273 2057 2301 a

276 2329 445 2369 tinibus
480 2330 656 2370 nostris
691 2331 854 2381 expelli
890 2343 980 2371 non
1017 2331 1201 2381 poterit.

397 2400 454 2440 Et
474 2402 689 2451 quoniam
717 2402 994 2453 audivimus,
1020 2402 1141 2453 quod
1167 2402 1302 2452 aliqui
1324 2402 1407 2441 viri
1434 2402 1686 2452 prudenter
1707 2403 1984 2444 oblocuntur
2002 2403 2057 2442 de

277 2470 410 2510 nobis
438 2471 748 2522 impingentes
774 2473 910 2513 dictis
935 2475 982 2513 et
1016 2473 1204 2523 scriptis
1238 2473 1416 2512 nostris
1451 2484 1654 2513 errorem
1692 2474 1735 2513 in
1760 2474 1847 2513 lide
1872 2476 1918 2514 et
1942 2475 2055 2513 scis-

278 2542 419 2582 matis
445 2542 713 2593 sautoriam,
736 2543 838 2584 ideo
864 2535 920 2584 all
941 2544 1277 2584 obstruendum
1302 2555 1354 2584 os
1380 2543 1533 2594 iniqua
1558 2544 1846 2594 loquencium
1875 2545 2054 2586 cunctis

277 2615 439 2662 pateat
472 2615 684 2660 nostram
722 2614 857 2654 fidem
893 2627 985 2655 non
1018 2627 1125 2655 esse
1158 2627 1242 2655 nec
1277 2614 1423 2655 fuisse
1457 2615 1593 2655 aliam
1630 2627 1766 2665 quam
1792 2615 1881 2666 illa,
1917 2627 2051 2666 quam

275 2684 419 2733 tenet,
442 2683 580 2723 docet
599 2686 646 2723 et
665 2685 875 2734 predicat
895 2688 1205 2725 sacrosancta
1225 2685 1456 2725 catholica
1476 2687 1629 2725 mater
1647 2686 1844 2726 ecclesia
1863 2697 1946 2725 nec
1967 2686 2054 2725 sci-

275 2766 379 2794 mus
404 2754 474 2793 vel
504 2755 650 2794 eciam
682 2755 847 2796 leviter
874 2756 1118 2806 opinamur
1146 2756 1202 2796 ab
1231 2756 1330 2796 eius
1354 2756 1442 2796 fide
1466 2758 1514 2796 et
1541 2756 1755 2796 doctrina
1784 2758 1948 2797 contra
1972 2767 2053 2795 seu

276 2824 413 2864 aliter
437 2825 686 2866 senciendo
711 2827 755 2865 in
781 2826 932 2877 aliquo
957 2827 1187 2878 deviasse,
1220 2838 1328 2878 ymo
1361 2838 1417 2866 ex
1444 2827 1582 2867 corde
1607 2826 1893 2877 profitemur,
1932 2826 2053 2876 quod

277 2896 489 2946 aprobat,
514 2898 561 2936 et
585 2896 780 2937 firmiter
802 2897 1123 2949 reprobamus,
1149 2898 1268 2948 quod
1293 2897 1529 2948 reprobat,
1554 2899 1893 2949 protestantes,
1918 2897 2052 2949 quod,

398 3011 422 3054 ¹)
450 3012 554 3046 Nrceh
577 3012 712 3046 Matth.
735 3013 787 3047 12.
815 3014 965 3047 41e42.
993 3032 1036 3035 —
1066 3012 1091 3056 ⁴²)
1121 3012 1229 3047 Nach
1248 3013 1345 3046 Jsaee'.
1367 3013 1398 3055 1,
1416 3013 1449 3045 2.
1477 3031 1521 3034 m
1549 3011 1576 3056 ³)
1606 3012 1710 3046 Nacle
1740 3012 1875 3055 Fer.1,
1904 3012 2051 3045 13—14.

274 3089 317 3091 -ss
345 3069 373 3113 4)
401 3071 505 3105 Naclc
534 3071 611 3105 Jer.
638 3074 669 3109 6,
699 3072 727 3104 1.
