2178 3404
287 135 372 175 362
681 145 722 177 ll.
752 145 968 178 Absclmitt.
1021 146 1168 185 Grenor
1196 146 1276 179 XII.
1305 148 1380 180 und
1410 148 1480 181 das
1508 149 1657 182 Konzil.

286 253 543 294 redundare
600 266 683 294 nec
742 253 1002 294 huiusmodi
1052 254 1139 305 legi
1179 255 1327 296 iuvari
1374 256 1561 298 deberet
1607 259 1789 311 auxilio,
1835 261 1909 310 qui
1955 273 2057 301 eam

287 324 501 364 duxerint
528 324 899 365 contendendam
929 355 936 363 .
963 357 970 365 .
998 356 1005 363 .
1040 325 1304 366 Invenietur
1327 327 1447 367 enim
1471 328 1592 369 inter
1615 341 1709 381 eos,
1743 331 1817 381 qui
1852 331 2055 371 eiusdem

286 395 470 435 fuerunt
519 394 799 445 obediencie,
844 397 942 435 tres
991 396 1208 447 existere,
1257 397 1331 447 qui
1377 399 1572 439 eundem
1618 400 1769 441 locum
1828 405 2056 452 occupant

287 465 533 515 scriptorie
568 497 575 505 .
613 497 619 505 .
656 497 663 505 .
728 465 900 516 Nempe
934 477 1030 517 eos,
1065 467 1139 517 qui
1174 466 1327 509 officia
1369 480 1449 519 per
1491 471 1689 511 mortem
1723 471 1962 523 vacancia,
2008 474 2059 512 ut

287 536 447 576 dolose
481 536 762 587 scriptorum
798 536 1048 587 privilegiis
1083 538 1341 590 obviarent,
1380 551 1460 590 per
1492 541 1699 591 ipsorum
1732 541 2055 583 decedencinm

288 607 710 648 renunctiacionem
747 619 797 648 se
843 607 1131 649 mendaciter
1176 613 1396 651 asserunt
1438 611 1671 663 habuisse,
1718 612 1954 663 continget
2002 612 2058 653 ab

287 677 452 719 officiis
497 678 761 719 huiusmodi
808 679 1056 720 abstinere.
1122 680 1314 731 Insuper
1345 681 1419 733 hii,
1467 683 1541 732 qui
1586 683 1855 734 symoniace
1904 682 2059 724 officia

288 751 397 789 sunt
431 748 601 800 adepti,
634 760 786 790 nonne
818 750 1026 801 ipsorum
1061 752 1288 793 exercicio
1312 752 1704 794 frustrabuntur?
1760 753 1815 794 Et
1842 753 1879 794 si
1904 754 2059 805 singu-

288 820 435 861 lorum
470 822 739 861 nostrorum
775 820 976 872 allegare
1010 822 1132 863 torte
1167 823 1279 863 talia
1323 835 1414 864 non
1448 824 1649 875 intersit,
1695 835 1855 865 eorum
1902 826 2059 865 tamen

287 891 497 939 interest,
532 891 607 942 qui
641 891 834 942 stirpem
868 891 1017 942 ipsam
1053 892 1362 934 effectualiter
1390 896 1731 944 representant.
1794 894 2059 935 Novissime

288 963 462 1004 clarum
497 965 571 1003 est
605 974 723 1012 eum,
759 963 889 1004 cuius
912 974 1081 1004 nomen
1116 975 1207 1005 non
1232 965 1440 1015 exprimo
1467 977 1611 1006 causa
1634 966 1913 1016 honestatis,
1937 965 2060 1007 forte

288 1034 344 1075 ad
379 1034 667 1075 tricesimum
701 1045 944 1075 numerum
978 1035 1194 1085 posuisse
1229 1036 1499 1086 scriptores,
1534 1037 1608 1087 qui
1642 1047 1725 1077 nec
1772 1047 1822 1076 se
1867 1036 2057 1087 gerebat

287 1117 369 1156 pro
403 1118 523 1156 papa
555 1116 639 1146 nec
675 1105 730 1146 ab
766 1105 868 1146 aliis
902 1105 1176 1146 habebatur.
1242 1107 1484 1156 Quomodo
1519 1118 1630 1157 ergo
1666 1107 1773 1147 olim
1809 1105 2059 1158 Gregorius

288 1189 313 1217 a
348 1177 587 1219 creacione
622 1177 903 1227 scriptorum
938 1176 1095 1217 debuit
1139 1177 1388 1229 abstinere,
1434 1179 1509 1229 qui
1542 1190 1624 1228 pro
1671 1190 1791 1228 papa
1836 1178 2061 1219 extiterat

286 1249 573 1299 reputatus?
635 1247 733 1288 Hiis
780 1250 937 1289 tamen
982 1249 1132 1300 gestis
1180 1249 1338 1290 taliter
1382 1260 1473 1290 non
1520 1250 1716 1290 attentis
1763 1261 1922 1291 eorum
1968 1262 2059 1291 non

287 1319 522 1370 querimus
556 1319 889 1371 expulsionem,
925 1321 1006 1360 sed
1040 1323 1089 1361 ut
1125 1320 1180 1361 ab
1215 1321 1442 1361 exercicio
1475 1322 1522 1361 et
1554 1321 1881 1362 emolumentis
1915 1321 2058 1362 nulla-

288 1393 424 1431 tenus
478 1390 792 1431 excludamur.
872 1390 1217 1442 Utriusque
1271 1391 1638 1433 obediencie
1691 1392 1949 1433 honore:
2014 1392 2059 1433 si

286 1462 548 1503 huiusmodi
571 1461 888 1513 privacionum
913 1463 1203 1503 amocionem
1228 1463 1490 1514 sequamur,
1519 1463 1668 1514 magis
1693 1463 1894 1505 dedecus
1919 1476 2056 1515 quam

286 1533 436 1574 honor
468 1533 650 1584 utrique
684 1532 949 1574 obediencie
983 1532 1255 1584 preberetur
1289 1566 1296 1574 .
1334 1567 1341 1574 .

406 1616 475 1657 Ad
510 1618 728 1668 quartum
764 1616 1016 1666 capitulum
1036 1612 1067 1667 1)
1096 1617 1349 1667 precedens
1375 1619 1486 1668 puto
1510 1617 1596 1658 hoc
1622 1617 1873 1668 capitulum
1896 1629 2058 1659 secun-

285 1688 393 1728 dum
429 1688 608 1738 aliquos
650 1689 929 1738 supportare
972 1699 1113 1738 posse
1158 1687 1385 1738 duplicem
1432 1688 1733 1730 intellectum.
1799 1689 2059 1730 Secundum

286 1759 483 1809 primum
519 1758 737 1799 dividitur
770 1758 814 1798 in
862 1760 959 1799 tres
1005 1760 1192 1808 partes:
1242 1759 1371 1809 ponit
1420 1760 1567 1810 primo
1617 1759 1806 1811 dictum,
1856 1759 2060 1801 secundo

287 1830 413 1880 ponit
449 1830 792 1882 excepcionem,
828 1831 973 1872 tercio
1008 1831 1302 1881 excepcionis
1337 1829 1749 1872 modificacionem.
1806 1830 1863 1871 Et
1898 1842 2059 1872 secun-

286 1901 393 1942 dum
433 1901 628 1951 primam
675 1901 761 1942 hoc
796 1899 1048 1953 intendita),
1096 1901 1217 1952 quod
1262 1914 1424 1943 omnes
1459 1901 1683 1943 officiales
1733 1901 2059 1942 administrent

287 1984 447 2013 eorum
482 1971 636 2013 officia
668 1972 755 2013 hiis
799 1974 1021 2025 exceptis,
1072 1984 1267 2024 quorum
1321 1972 1476 2014 officia
1524 1972 1708 2013 unicum
1758 1973 1831 2014 vel
1880 1975 2058 2014 certum

286 2054 528 2083 numerum
563 2043 730 2084 debent
765 2043 949 2094 habere,
998 2044 1162 2095 quibus
1197 2056 1301 2085 cum
1340 2044 1543 2095 paritate
1586 2044 1860 2096 providebit,
1906 2043 1954 2084 2²¹
2000 2044 2059 2085 ibi

287 2110 470 2163 ,Salvo‘·,
503 2114 552 2154 3ἢ
599 2114 657 2155 ibi
692 2111 907 2165 ,(''irca².²)
971 2115 1231 2156 Secundum
1269 2115 1406 2155 alium
1440 2115 1727 2156 intellectum
1763 2115 1983 2156 dividitur
2015 2115 2060 2156 in

287 2184 403 2226 duas
428 2187 601 2235 partes:
636 2186 783 2235 primo
809 2187 993 2237 statuit,
1028 2186 1231 2227 secundo
1266 2188 1477 2226 reservat
1514 2188 1558 2226 et
1592 2186 1716 2231 dicit,
1751 2186 1873 2237 quod
1898 2198 2059 2227 omnes

287 2256 511 2297 officiales
556 2256 872 2297 indifferenter
922 2258 1175 2297 exerceant
1218 2255 1371 2297 officia
1414 2268 1588 2306 eorum,
1642 2257 1926 2298 reservando
1974 2257 2059 2297 sibi

288 2339 473 2368 sacrum
499 2327 743 2369 concilium
776 2328 1104 2379 provisionem,
1139 2328 1214 2369 ubi
1239 2328 1400 2369 unicus
1428 2328 1501 2368 vel
1536 2330 1692 2369 certus
1716 2339 1937 2368 numerus
1971 2330 2058 2368 etc.

287 2398 492 2448 Quorum
538 2398 857 2440 intellectuum
905 2399 1158 2440 secundum
1210 2411 1369 2439 verum
1416 2401 1528 2449 puto
1575 2400 1765 2449 propter
1809 2398 2057 2440 dictionem

288 2465 456 2516 ,811110ί
491 2469 683 2510 inferius
718 2470 761 2510 in
794 2470 880 2511 1100
916 2470 1118 2521 capitulo
1154 2470 1448 2512 collocatam.
1496 2469 1692 2510 Alias:
1727 2469 1786 2510 ad
1808 2469 1942 2510 huius
1967 2469 2059 2510 dic—

287 2539 428 2580 tionis
461 2539 747 2581 intellectum
790 2543 837 2581 et
881 2541 1173 2582 commodam
1213 2541 1653 2591 interpretacionem
1697 2540 2059 2591 premittendum

287 2610 508 2661 disposui,
543 2611 663 2661 quod
696 2611 779 2652 hec
814 2612 954 2653 dictio
990 2612 1164 2653 Alias
1199 2612 1387 2663 ponitur
1419 2611 1654 2653 exclusive
1801 2610 1913 2651 Cum
1947 2622 2058 2661 ergo

287 2681 523 2722 exclusive
559 2684 773 2733 ponatur,
808 2683 1055 2723 videndum
1089 2685 1216 2734 puto,
1252 2682 1357 2734 quid
1388 2682 1739 2733 presencialiter
1771 2681 2058 2722 excludatur.

288 2751 653 2803 Interpretemur
684 2764 794 2804 ergo
830 2753 1086 2804 dupliciter:
1118 2754 1265 2804 primo
1295 2753 1410 2794 alias
1446 2753 1667 2794 canonice
1700 2753 1832 2803 quasi
1857 2764 1938 2803 per
1970 2752 2057 2803 pri-

406 2889 436 2917 a)
460 2889 507 2917 Hs
528 2888 690 2916 intendat.

409 2950 434 2993 l)
461 2950 599 2985 Dekret
625 2951 731 2992 ‚Item
759 2961 787 2984 s.
814 2951 987 2993 synodus
1013 2951 1153 2985 statuit
1182 2954 1219 2984 et
1247 2950 1414 2993 ordinat,
1451 2950 1554 2993 quod
1586 2960 1719 2984 onmes
1747 2949 1938 2983 officiales
1967 2975 1973 2981 .
2002 2975 2008 2981 .
2038 2949 2056 2981 .‘

288 3007 439 3051 (Harclt
464 3009 523 3043 IV
543 3010 639 3052 378).

407 3067 434 3110 ²)
468 3068 543 3111 l'yl.
573 3070 646 3103 (Ias
673 3069 818 3104 Πολ-101.
