2178 3404
281 135 366 175 358
684 144 726 176 ΙΙ.
754 143 972 176 Absclmitt.
1024 143 1172 183 Gregor
1198 143 1279 176 XlI.
1308 143 1384 176 und
1412 143 1482 177 das
1510 144 1658 178 Konzil.

277 264 382 294 non.
418 254 467 293 ut
501 252 700 297 deceret,
747 251 958 292 incedam
994 262 1203 302 sperans,
1249 252 1371 302 quod
1416 253 1501 293 viri
1534 254 1712 304 providi
1755 257 1801 295 et
1837 255 2049 296 valentes

279 323 401 363 circa
426 323 508 363 hec
534 322 739 362 studium
764 323 1023 372 assument,
1048 322 1111 372 ut,
1145 333 1231 372 que
1256 322 1430 373 dixero,
1459 323 1679 365 studeant
1705 325 2052 366 racionabiliter

278 393 562 444 impugnare.
611 393 814 443 Quorum
848 392 1231 443 correctionibus,
1254 393 1673 446 moderacionibus,
1701 395 2050 436 reductionibus

279 463 335 504 ad
358 463 687 504 inconveniens
712 475 766 504 ac
791 464 848 504 ad
883 464 1271 504 contrarietatem
1295 475 1379 504 nec
1409 476 1500 506 non
1526 465 1827 518 adicionibus,
1862 466 2051 508 distinc-

280 533 484 574 tionibus
519 536 565 574 et
599 534 1009 575 emendacionibus
1043 547 1097 576 ac
1130 535 1603 585 interpetracionibus
1637 548 1709 577 me
1743 536 1919 578 subicio
1956 569 1962 576 .
1999 569 2006 577 .
2043 570 2051 577 .

278 604 458 645 Rursus
493 605 843 655 protestacione
877 605 963 646 hac
988 617 1061 645 me
1095 606 1315 657 muniam,
1350 607 1485 658 quod,
1521 607 1558 647 si
1590 607 1696 658 quid
1720 609 1883 648 contra
1916 608 2052 649 huius

279 677 585 715 sacrosancte
619 677 668 716 et
689 676 921 726 generalis
947 676 1111 727 synodi
1136 676 1520 729 constituciones,
1554 677 1745 719 decreta
1775 690 1829 719 ac
1853 680 2052 726 statuta,

277 745 424 786 eciam
459 757 547 796 quo
577 746 634 787 ad
669 743 933 798 corticema)
964 747 1133 787 nedum
1167 747 1415 788 medullam
1449 748 1608 789 dixero
1642 749 1794 800 lingue
1828 749 1975 801 lapsu,
2008 749 2054 790 id

276 828 332 857 ex
366 828 487 857 nunc
520 828 612 858 non
647 816 807 858 differe
849 818 1034 858 irritare
1070 818 1244 869 volens,
1289 819 1411 869 quod
1443 830 1527 869 pro
1561 831 1653 860 non
1687 819 1824 860 dictis
1858 819 2054 861 firmiter

277 886 519 939 habeatur,
553 899 610 928 ne
644 888 827 938 privata
863 888 1111 929 affectione
1145 900 1218 929 me
1243 889 1533 940 contingeret
1568 902 1592 930 a
1627 891 1829 931 racionis
1863 891 2053 932 tramite

277 957 477 998 deviare.
527 957 758 1009 Ceterum,
794 959 831 999 si
856 959 1100 1010 quicquam
1137 958 1356 1000 utilitatis
1381 961 1640 1011 emerserit,
1674 961 1761 1001 hoc
1794 972 1886 1002 non
1922 963 2052 1002 tante

276 1028 593 1079 depressionis
632 1029 876 1081 industria,
927 1030 1009 1070 sed
1050 1029 1203 1070 divine
1236 1030 1492 1071 immiscuit
1524 1031 1770 1073 influencia
1803 1032 2052 1083 largitatis.

396 1111 597 1152 Primum
634 1112 755 1152 enim
792 1113 1044 1163 capitulum
1079 1113 1146 1154 sic
1180 1113 1353 1164 dicens,
1394 1115 1445 1154 ut
1476 1125 1567 1155 non
1602 1114 1833 1165 indigeam
1869 1117 2054 1156 statuta

276 1184 325 1223 et
359 1182 681 1224 ordinaciones
717 1183 897 1224 tociens
931 1184 1170 1235 replicare,
1213 1183 1301 1224 duo
1335 1183 1467 1225 facit:
1502 1185 1650 1235 primo
1683 1195 1884 1237 namque
1918 1186 2052 1237 tollit,

277 1253 445 1305 abolet,
479 1254 634 1295 irrItat
668 1256 807 1305 atque
838 1257 996 1296 cassat
1033 1266 1299 1307 processus,
1335 1266 1574 1308 censuras,
1608 1268 1752 1307 penas
1787 1258 1835 1298 et
1867 1258 2052 1298 senten-

277 1324 373 1365 cias
398 1337 452 1366 ac
477 1336 661 1365 omnem
690 1325 921 1366 maculam
947 1326 1186 1367 scismatis
1221 1326 1470 1367 occasione
1495 1328 1804 1380 contractam,
1839 1328 2052 1370 obedien-

277 1395 395 1437 ciam
430 1395 537 1436 olim
571 1396 796 1437 nominati
829 1396 1058 1437 ,Iohannis
1092 1397 1135 1437 in
1170 1397 1467 1449 nominando,
1505 1409 1597 1439 non
1631 1398 1918 1449 disponendo
1952 1411 2052 1450 pre-

276 1466 484 1517 mittens,
519 1467 623 1517 quia
657 1467 908 1518 disposicio
944 1468 1108 1509 ambas
1143 1468 1356 1519 sequitur
1388 1468 1683 1511 obediencias
1719 1502 1726 1511 .
1763 1502 1804 1510 ..
1840 1470 2051 1512 Secundo

276 1548 366 1578 una
400 1538 602 1579 dictione
635 1537 800 1578 ambas
835 1538 1130 1580 obediencias
1165 1539 1388 1581 collectas
1418 1540 1633 1581 habilitat
1656 1541 1700 1581 in
1735 1542 1953 1594 statibus,
1988 1542 2051 1582 di—

275 1608 534 1659 gnitatibus
558 1610 605 1649 et
630 1607 809 1659 officiis,
845 1621 931 1659 que
957 1609 1072 1650 alia-s
1097 1610 1319 1651 canonice
1344 1611 1415 1651 vel
1444 1611 1791 1653 racionabiliter
1817 1616 2051 1666 exercent,

275 1680 322 1719 et
356 1691 458 1720 cum
493 1679 561 1720 eis
596 1679 853 1730 dispensat,
886 1680 931 1719 in
966 1682 1192 1731 quantum
1227 1680 1367 1722 fuerit
1400 1684 1682 1733 oportunum
1719 1715 1726 1724 .
1763 1715 1770 1723 .
1806 1681 1853 1735 .¹)

395 1760 627 1803 Concludo
662 1773 773 1813 ergo
807 1763 851 1803 in
875 1762 962 1805 1100
997 1764 1144 1814 primo
1180 1765 1396 1816 capitulo,
1431 1766 1553 1817 quod
1576 1766 1650 1815 illi,
1685 1766 1758 1817 qui
1787 1767 1975 1809 fuerunt
2007 1768 2051 1809 in

277 1833 545 1874 obediencia
579 1834 686 1874 olim
729 1835 769 1874 d.
805 1833 1013 1886 Gregorii
1047 1837 1091 1875 et
1128 1836 1411 1877 exercebant
1454 1836 1607 1878 officia
1643 1849 1801 1879 eorum
1845 1838 1889 1878 in
1924 1839 2051 1880 curia

275 1903 497 1955 eiusdem,
531 1904 732 1946 habeant
769 1908 978 1957 tempore
1003 1907 1397 1948 renunctiacionis
1421 1909 1469 1948 et
1500 1908 1808 1959 capitulorum
1831 1909 2051 1951 factionis

276 1975 549 2015 canonicum
574 1977 866 2029 exercicium,
902 1978 1009 2029 quia
1032 1989 1193 2018 verum
1219 1978 1405 2019 titulum
1437 1979 1691 2020 secundum
1717 1991 1813 2031 eos,
1848 1981 1923 2031 qui
1948 1993 2050 2031 pro-

274 2045 422 2096 priam
446 2045 616 2087 bonam
639 2047 791 2099 fidem,
815 2048 982 2089 nedum
1009 2049 1268 2090 coloratam
1279 2043 1324 2100 b).
1373 2049 1635 2091 Credebant
1658 2051 1779 2091 enim
1803 2063 1907 2092 eum
1931 2064 2050 2103 esse,

275 2119 411 2167 prout
447 2119 493 2158 et
525 2129 645 2158 nunc
691 2119 883 2160 credunt
917 2118 1077 2167 fuisse,
1122 2131 1282 2160 verum
1326 2132 1559 2162 summum
1604 2121 1870 2172 pontificem
1904 2134 2051 2174 usque

277 2186 334 2227 ad
367 2189 807 2241 renunctiacionem,
847 2190 922 2241 qui
956 2202 1038 2231 eos
1073 2191 1131 2231 ad
1165 2190 1319 2232 officia
1353 2191 1616 2233 huiusmodi
1649 2195 1892 2245 receperat
1926 2195 1974 2234 et
2006 2194 2050 2234 in

275 2257 376 2299 loca
411 2262 747 2311 surrogaverat
781 2261 989 2311 aliorum,
1024 2263 1072 2302 et
1105 2262 1142 2302 si
1176 2274 1317 2303 verus
1352 2274 1472 2313 papa
1505 2265 1621 2314 erat,
1657 2264 1843 2314 planum
1877 2267 1971 2314 est3
2011 2265 2049 2306 si

275 2340 379 2380 non,
421 2329 595 2371 iustum
631 2332 817 2372 titulum
860 2332 1149 2374 habebamus
1185 2345 1286 2374 cum
1331 2333 1453 2375 bona
1486 2334 1587 2385 fide,
1630 2346 1717 2386 que
1750 2336 2049 2388 presumitur,

275 2402 318 2440 et
356 2412 458 2441 cum
492 2401 579 2443 hoc
613 2403 891 2444 exercicium
928 2404 983 2445 ab
1013 2404 1175 2445 eodem
1211 2405 1317 2445 olim
1344 2405 1383 2445 d.
1409 2403 1631 2456 Gregorio
1665 2418 1757 2447 non
1790 2406 2048 2458 inhibitum,

274 2470 415 2511 immo
450 2473 641 2525 sciente,
683 2475 983 2524 permittente
1027 2478 1073 2516 et
1107 2476 1293 2517 volente
1336 2487 1420 2518 nec
1462 2476 1529 2517 eis
1571 2477 1848 2518 exercicium
1891 2478 2049 2519 extitit

276 2543 619 2584 contradictum
645 2544 700 2585 ab
721 2545 887 2597 aliquo,
913 2546 987 2597 qui
1011 2547 1081 2587 ius
1107 2558 1156 2588 se
1180 2547 1352 2588 habere
1376 2548 1670 2598 pretenderet
1692 2547 1960 2599 prohibendi
1981 2580 1988 2588 .
2010 2580 2017 2588 .
2040 2581 2046 2587 .

274 2611 509 2654 Admissio
544 2626 734 2655 suorum
770 2616 1035 2658 officialium
1065 2620 1111 2658 et
1145 2618 1355 2669 recepcio
1390 2630 1444 2659 ac
1478 2619 1758 2670 aggregacio
1793 2619 2044 2660 secundum

274 2683 460 2733 regulas
485 2686 758 2727 cancellarie
782 2689 826 2727 et
853 2687 1208 2729 observanciam
1233 2689 1608 2740 antiquissimam
1635 2685 1710 2742 [ad
1732 2686 1918 2743 papam]
1948 2702 2047 2741 per-

392 2823 423 2847 a)
445 2820 493 2846 Hs
514 2824 651 2848 cortem.
692 2822 723 2856 b)
751 2822 893 2850 Verbum
912 2823 1002 2858 fehlt.

395 2880 419 2922 ¹)
448 2882 499 2916 Es
525 2882 686 2918 handel}
711 2885 786 2918 sich
818 2895 879 2918 11111
911 2886 985 2920 (Ias
1010 2886 1148 2921 Deh’ret
1175 2886 1234 2928 ‚Ut
1263 2885 1437 2928 utreque‘
1465 2883 1616 2929 (Harclt
1633 2887 1802 2925 1V397).
1846 2888 1899 2921 Es
1915 2888 2046 2931 fulgen,

276 2950 354 2973 111111
386 2951 453 2974 cor
479 2941 591 2975 (illem
613 2942 880 2985 Beleglstellcn;
904 2954 933 2977 Ξ.
953 2944 997 2978 B.
1026 2956 1110 2979 vom
1137 2945 1229 2978 iuris
1249 2944 1465 2978 monarcha
1485 2944 1564 2977 Azo
1586 2946 1627 2979 ius
1644 2947 1774 2980 &cincre
1797 2946 2044 2988 questiones:

275 3009 359 3032 vom
385 2990 584 3034 sollemnis
611 3000 750 3034 doctor
777 3002 961 3044 antiquus
989 3003 1167 3038 dominus
1193 3003 1268 3037 ε101)
1296 3003 1332 3036 111
1354 3003 1557 3045 questione
1585 3014 1676 3043 sua;
1705 3016 1777 3040 11011.
1795 3004 1969 3039 ,Iacobus
1997 3005 2044 3039 de

274 3056 441 3100 Belniso,
468 3058 669 3093 Johannes
697 3060 850 3094 Andree
879 3073 971 3096 new.
999 3091 1004 3095 .
1034 3090 1040 3096 .
1070 3089 1075 3095 .
