2178 3404
55 207 94 240 E.
148 203 336 239 'Bmwdikt
357 203 454 237 XIII.
482 215 516 236 u.
544 203 578 236 d.
607 203 738 236 Konzil
771 214 801 235 v.
831 203 865 235 d.
894 202 1145 235 Subtraktion
1175 200 1232 233 bis
1261 201 1425 234 z.Wa11l
1455 200 1616 232 Martius
1641 201 1680 233 Υ.
1738 191 1817 231 531

52 347 111 390 Ε.
143 346 428 389 Benedikt
461 344 612 388 XIII.
644 344 760 387 und
793 344 896 386 das
929 343 1133 386 Konzil
1167 355 1277 386 von
1309 343 1413 385 del·
1445 340 1823 385 Subtraktion

536 415 626 458 bis
659 428 759 458 zm·
790 414 967 457 Wahl
1000 414 1247 457 Martius
1280 413 1345 456 V.

52 499 171 551 (228)
205 501 396 554 Bis-cleos
436 500 648 541 Didacm
698 512 777 541 ron
822 498 992 540 Leria«
1043 512 1104 540 (m
1156 499 1209 539 K.
1257 498 1558 539 J⁴⁷c›1·(]a'1mml.-
1607 498 1825 539 Germ—lm»

202 572 311 613 iiber
343 571 555 613 Abbruch
596 572 678 612 der
718 570 1113 621 12>er›edluugyen
1150 583 1227 611 ron
1265 569 1533 622 Plu-suffinae
1574 571 1675 610 vm]
1714 570 1826 610 fiber

199 644 284 684 den
340 642 529 695 Vcrlragy
577 654 655 683 ron
702 641 951 682 Nurimum»
992 642 1205 691 (hanaen
1253 641 1368 681 mccl]
1417 639 1617 681 &tellina
1692 639 1824 680 I'Var-

197 727 331 767 Μωρέ]
369 727 450 755 νον
492 726 639 754 «Νοτίου
685 713 969 757 δῖναηᾱαῖωι,
1020 713 1257 766 Hoffnmess
1297 714 1390 765 anf
1426 714 1549 753 seme
1592 712 1822 765 Jx'lsngslwit.

199 785 285 826 Dete
342 786 490 836 prima
547 786 683 825 sedes
736 786 882 825 hamne
937 785 1094 825 {semor
1145 784 1331 824 rev-mvn.
1418 784 1615 824 Falanio
1672 785 1825 824 (1416)

199 856 392 897 danum·-
422 857 491 897 22.

169 936 400 979 Barcclona,
428 936 689 974 Krousa-chit».
720 937 779 970 Or.
809 938 905 980 Pap.

170 1023 221 1063 D.
258 1023 502 1063 llerdensis
537 1023 783 1073 episcopus
819 1055 826 1062 .
862 1055 870 1063 .
906 1055 913 1063 .
949 1024 1239 1074 Quamquam
1281 1023 1519 1063 humilitas
1564 1022 1826 1062 intellectus

54 1126 61 1134 .
98 1126 105 1134 .
141 1126 149 1134 .
185 1093 547 1136 Occurrentibus
580 1106 725 1145 nuper
758 1095 916 1145 itaque
955 1095 1089 1134 novis
1132 1095 1175 1134 in
1222 1095 1308 1134 hoc
1355 1106 1439 1134 suo
1486 1105 1628 1142 regno
1664 1092 1827 1143 Sicilie,

52 1168 96 1207 in
131 1179 220 1218 quo
255 1167 339 1206 sub
376 1198 383 1205 .
421 1198 426 1204 .
464 1198 470 1205 .
506 1166 684 1206 infante
717 1166 928 1207 ‚Iohanne
963 1166 1054 1206 dux
1089 1166 1143 1205 de
1179 1165 1408 1216 l'enyafiel
1445 1177 1554 1206 caro
1602 1164 1827 1204 secundo-

53 1237 210 1288 genito
245 1239 326 1278 tuo
361 1237 492 1287 dego,
526 1237 667 1277 flante
700 1237 840 1287 sama,
865 1237 985 1287 quod
1011 1269 1018 1277 .
1045 1269 1052 1277 .
1079 1270 1086 1277 .
1138 1237 1439 1277 {omamirum
1474 1248 1554 1276 rex
1579 1236 1634 1275 de
1658 1235 1828 1275 oblatis

53 1310 177 1350 circa
210 1309 393 1349 unionis
426 1308 671 1348 materiam
700 1340 707 1348 .
734 1341 741 1349 .
768 1340 775 1348 .
810 1320 892 1359 per
925 1309 965 1349 d.
999 1321 1041 1348 n.
1078 1321 1309 1349 summum
1341 1307 1605 1359 pontificem
1642 1307 1828 1346 minime

52 1380 192 1421 fuerit
216 1381 466 1420 contentus
491 1379 648 1429 sicque
673 1379 848 1430 absque
873 1379 1186 1420 conclusionis
1212 1379 1423 1422 articulo,
1446 1379 1534 1419 heu
1566 1377 1828 1429 prohdolor„

53 1451 324 1501 recessisse,
374 1450 431 1490 ob
478 1450 599 1500 quod
648 1451 792 1490 miror
840 1452 886 1490 et
936 1451 1236 1491 condolenter
1286 1450 1504 1491 admiror.
1555 1462 1655 1490 cum
1707 1449 1825 1488 idem

54 1521 384 1562 sanctissimus
419 1521 633 1561 dominus
667 1524 845 1569 noster,
882 1554 888 1561 .
925 1554 932 1561 .
969 1555 976 1562 .
1013 1534 1099 1572 que
1133 1522 1258 1562 iusta
1293 1523 1416 1572 sunt,
1453 1553 1460 1560 .
1504 1553 1511 1560 .
1548 1552 1555 1560 .
1590 1519 1829 1570 inquisivit

53 1595 101 1633 et
134 1592 303 1633 obtulit
336 1604 458 1642 sepe,
494 1603 603 1642 sepe
638 1624 645 1632 .
682 1624 689 1632 .
726 1624 733 1632 .
770 1593 982 1643 quodque
1015 1593 1113 1643 ipse
1140 1593 1455 1633 Romanorum
1492 1603 1572 1631 rex
1608 1623 1615 1631 .
1652 1622 1659 1629 .
1695 1622 1702 1630 .
1736 1602 1827 1630 non

54 1663 220 1714 minus,
242 1664 294 1703 ut
317 1662 467 1712 audio,
492 1663 550 1702 ad
573 1663 691 1703 hanc
717 1662 1042 1713 perficiendam
1069 1664 1313 1704 materiam
1340 1663 1495 1703 studio
1527 1661 1828 1702 servencioris

54 1735 246 1785 spiritus
292 1732 511 1774 anelabat
546 1766 553 1773 .
590 1765 597 1773 .
634 1765 641 1773 .
683 1733 763 1785 Tu,
811 1735 1038 1775 catholice
1082 1735 1309 1785 princeps,
1346 1766 1353 1773 .
1396 1766 1403 1774 .
1450 1765 1457 1772 .
1494 1733 1727 1781 advertes,
1773 1744 1829 1771 ne

54 1805 175 1845 forte
192 1804 448 1855 aliquorum
466 1805 768 1854 suggestione
785 1806 1027 1856 inprovida
1044 1808 1272 1856 augeatur
1288 1804 1486 1845 materia
1503 1803 1826 1844 scandalorum

56 1907 64 1915 .
99 1907 107 1915 .
143 1907 151 1915 .
183 1874 395 1925 Compei-i
428 1886 627 1925 namque
663 1907 670 1915 .
707 1907 715 1915 .
752 1908 759 1916 .
794 1878 902 1926 post
925 1876 1070 1926 ipsius
1095 1876 1218 1926 regis
1244 1876 1559 1916 Romanorum
1592 1885 1827 1915 recessum

55 1946 202 1986 eidem
227 1945 412 1986 domino
446 1947 610 1986 nostro
640 1977 648 1985 .
684 1977 692 1985 .
729 1979 736 1986 .
772 1958 852 1997 per
885 1949 1201 1997 magestatem
1238 1949 1364 1987 tuam
1401 1946 1647 1987 nonnullas
1682 1944 1830 1995 requi—

56 2017 257 2057 siciones
303 2016 399 2056 fieri
447 2018 493 2056 et
540 2018 646 2067 post
694 2018 1026 2068 responsiones
1075 2031 1234 2059 earum
1283 2017 1605 2058 conclusitmes
1652 2016 1830 2066 aliquas

56 2086 256 2128 ordinari
291 2086 437 2136 ipsius
478 2087 661 2128 unionis
704 2089 950 2129 materiam
995 2090 1319 2139 procurantes,
1363 2101 1388 2128 o
1423 2088 1601 2128 utinam
1636 2086 1832 2126 feliciter

56 2170 137 2210 rey
170 2157 345 2198 exitum
389 2158 715 2210 producturas,
760 2162 833 2199 set
869 2172 1045 2211 vereor,
1088 2172 1172 2201 nec
1215 2171 1421 2210 possum,
1464 2158 1638 2209 ignotis
1683 2157 1830 2197 adhuc

55 2229 142 2270 hiis
185 2227 322 2268 michi
369 2228 759 2281 conclusionibus,
807 2230 928 2281 quod
971 2231 1092 2271 forte
1133 2231 1355 2281 senciam,
1400 2229 1620 2280 profiteri.
1687 2226 1830 2277 Spero

56 2304 244 2344 atamen
299 2304 427 2343 tuam
483 2302 829 2352 providenciam
880 2334 887 2342 .
939 2334 946 2341 .
998 2334 1005 2342 .
1056 2303 1186 2343 lance
1240 2303 1423 2342 mature
1478 2298 1831 2339 deliberacionis

57 2384 352 2423 sunnnopere
396 2373 703 2423 provisuram.
770 2373 923 2413 Rebus
967 2373 1136 2413 etenim
1182 2372 1365 2420 magnis
1408 2370 1610 2411 maxime
1654 2368 1830 2409 consilii

58 2456 174 2494 opus
220 2444 308 2494 est,
356 2475 363 2482 .
411 2474 418 2483 .
467 2475 474 2483 .
522 2455 623 2483 cum
669 2443 863 2493 primam
911 2443 1066 2483 sedem
1114 2443 1375 2482 mundanus
1422 2440 1586 2490 aliquis
1630 2440 1832 2489 nequeat

58 2513 262 2554 iudicare
297 2544 304 2553 .
340 2545 348 2553 .
384 2544 392 2553 .
457 2513 687 2564 Scriptum
725 2513 950 2554 Catlianie
983 2513 1120 2552 XXII.
1153 2512 1377 2553 Januarii.

58 2674 179 2729 (229)
208 2676 294 2717 Die
327 2675 592 2719 Kar-(litu'ile
622 2678 670 2718 iv
709 2676 944 2718 Koussam
975 2690 1036 2717 (m
1073 2677 1238 2730 [tefam
1270 2675 1462 2729 Alfonsn·
1501 2675 1681 2715 Frende
1722 2673 1833 2714 ‘nlm-

205 2747 477 2793 Narbomws
506 2747 645 2789 Dwelt
665 2748 749 2800 fiir
769 2749 923 2788 seimon
958 2747 1270 2800 [Tieion-§cifers
1291 2746 1422 2799 Birta,
1446 2747 1534 2787 das·
1556 2745 1832 2797 Ilegsomwnc

205 2831 262 2859 zu
298 2819 543 2859 rolleveden.
608 2817 844 2859 Konstanz
877 2820 1029 2868 (1416)
1064 2818 1274 2860 Ἐάν-παν
1306 2818 1344 2858 9.

177 2899 405 2941 Barcehmc«,
434 2899 696 2941 Krousa-chio,
726 2899 786 2934 Or.
805 2900 903 2942 Pap.
944 2899 1026 2942 ilus
1043 2899 1238 2933 Rv‘t'clsseitc
1256 2898 1428 2932 Adressc.
1472 2897 1692 2930 Darmzter:
1718 2895 1832 2927 Mise-

60 2956 217 2990 racione
245 2957 378 2990 divina
405 2957 589 2999 episcopi,
616 2957 845 2999 presbyteri,
873 2957 1027 2990 diaconi
1055 2967 1084 2990 s.
1104 2957 1282 2990 Romane
1310 2956 1475 2989 ecclesie
1504 2954 1736 2987 cardinales.

207 3030 526 3071 Illustrissime
568 3031 780 3081 princeps
824 3032 871 3070 et
912 3030 1095 3070 excelse
1141 3030 1337 3079 domine,
1381 3029 1527 3069 amice
1561 3028 1725 3067 noster
1758 3039 1831 3067 ca-

60 3100 244 3141 rissime
270 3103 377 3151 post
402 3101 615 3142 salutem.
670 3101 872 3141 Salutari
897 3101 1078 3141 unionis
1103 3100 1298 3141 ecclesie
1323 3101 1485 3140 sancte
1509 3098 1591 3138 Dei
1624 3098 1831 3147 negocio,

1536 3168 1616 3208 34ss
