2178 3404
276 173 362 214 438
633 180 693 212 III.
721 177 940 211 Absclmitt.
992 175 1184 208 Benedikt
1212 174 1310 207 XIII.
1339 173 1417 206 und
1449 173 1519 206 das
1547 173 1697 206 Konzil.

277 291 492 331 dominus
526 290 689 329 noster
722 285 995 326 deliberavit
1029 284 1086 324 ad
1116 284 1266 334 ipsum
1291 283 1479 323 mittere
1504 283 1677 324 dictum
1702 283 1743 323 d.
1767 282 2052 333 Michaelem,

277 363 328 401 ut
361 360 508 401 eidem
543 358 763 408 exponat,
798 356 932 407 quod,
966 355 1071 396 licet
1108 354 1227 394 idem
1260 354 1671 394 dominusnoster
1693 354 1756 394 sit
1784 353 2053 404 requisitus,

277 434 329 472 ut
362 430 555 471 mandet
592 429 676 479 ipsi
720 427 950 478 magistro
985 425 1250 475 Vincencio,
1296 424 1417 475 quod
1463 424 1521 464 ad
1566 427 1727 474 partes
1760 424 1863 464 illas
1905 426 1951 464 et
1997 423 2055 464 ad

278 502 489 554 prefatos
523 500 721 541 comites
750 498 972 549 predictis
996 497 1051 537 de
1086 496 1241 537 causis
1267 495 1476 545 accedat,
1501 494 1721 535 dubitans
1746 497 1904 535 tamen
1934 494 2054 534 idem

277 574 491 615 dominus
525 573 689 612 noster
721 569 918 610 eundem
952 568 1232 618 magistrum
1267 566 1567 607 Vincencium
1601 566 1645 606 in
1692 577 1776 606 suo
1812 566 2055 616 proposito

277 647 325 685 et
349 642 686 694 predicacionis
711 651 864 691 opere,
900 639 1021 690 quod
1045 638 1358 689 prosequitur,
1389 637 1665 687 perturbare
1689 638 1771 677 aut
1795 636 2057 687 aliqualiter

279 716 546 764 molestare,
580 713 717 753 nichil
752 723 892 762 super
924 711 1011 751 hoc
1046 711 1193 753 eidem
1229 710 1459 761 magistro
1492 710 1692 750 intendit
1715 708 1950 760 precipere
1975 719 2057 748 seu

278 785 516 835 mandare,
551 786 763 825 attamen
798 782 933 834 quod,
970 782 1009 821 si
1043 781 1325 832 supradictis
1359 781 1414 821 de
1461 780 1617 820 causis
1663 780 1783 820 idem
1830 779 2059 829 magister

280 856 558 896 Vincencius
592 855 705 895 velit
744 853 980 903 accedere,
1029 853 1176 893 eidem
1224 853 1410 893 domino
1455 853 1636 901 nostro,
1686 851 1761 901 qui
1810 850 1895 890 hos
1941 849 2057 890 duos

280 927 477 969 comites
513 925 780 967 cordialiter
813 924 973 975 diligit,
1008 924 1254 974 plurimum
1290 921 1611 972 complacebit.
1676 921 1723 961 F.
1752 920 1938 962 Rovira.

401 1009 620 1050 Preterea
652 1008 737 1049 ibit
771 1008 827 1048 ad
861 1007 901 1047 d.
937 1007 1156 1048 comitem
1192 1005 1461 1046 Armaniaci
1495 1007 1542 1045 et
1575 1006 1685 1055 post
1718 997 2057 1045 salutacionem

280 1084 326 1122 et
374 1080 721 1121 benedicionem
772 1078 1080 1129 apostolicam
1128 1077 1251 1118 dicet
1299 1076 1354 1127 ei,
1404 1075 1603 1126 qualiter
1637 1075 1851 1115 dominus
1898 1075 2060 1115 noster

281 1151 453 1193 auditis
487 1149 860 1191 dissensionibus
893 1150 941 1189 et
973 1148 1156 1199 guerris
1189 1148 1311 1187 inter
1344 1147 1472 1197 ipsos
1498 1146 1695 1187 comites
1719 1144 2060 1196 incipientibus,

281 1223 336 1263 de
371 1222 536 1273 quibus
570 1232 661 1262 non
695 1220 926 1261 modicum
973 1219 1298 1268 contristatur,
1332 1218 1477 1258 mittit
1523 1217 1581 1257 ad
1627 1217 1778 1267 ipsum
1825 1216 2059 1267 prefatum

281 1294 321 1333 d.
357 1293 624 1334 Michaelem
660 1292 855 1332 eundem
891 1291 1109 1332 comitem
1146 1289 1262 1330 totis
1298 1289 1451 1330 cordis
1482 1287 1729 1329 affectibus
1753 1287 2061 1338 exhortando,

281 1366 329 1404 ut
367 1364 424 1404 ad
458 1375 620 1414 pacem
654 1363 776 1403 inter
809 1374 913 1402 eum
949 1364 993 1402 et
1031 1361 1072 1401 d.
1108 1361 1327 1401 comitem
1363 1359 1477 1399 Fuxi
1522 1359 1722 1400 fiendam
1767 1359 1879 1399 velit
1926 1370 2060 1399 suum

282 1435 486 1476 animum
521 1434 577 1475 ob
611 1434 693 1474 Dei
727 1435 775 1473 et
809 1432 1067 1483 apostolice
1102 1431 1227 1472 sedis
1262 1431 1579 1471 reverenciam
1613 1430 1848 1471 inclinare.

401 1517 460 1557 Et
491 1516 831 1567 nichilominus,
870 1518 922 1556 ut
955 1528 1045 1566 pax
1079 1515 1174 1555 ista
1207 1516 1254 1554 et
1288 1513 1535 1555 concordia
1571 1513 1628 1553 ad
1662 1513 1866 1553 debitam
1901 1514 1946 1553 et
1983 1524 2061 1563 op-

283 1591 434 1629 tatam
470 1588 816 1629 conclusionem
851 1586 1115 1637 deveniant,
1150 1585 1250 1626 vult
1289 1585 1408 1625 idem
1456 1584 1670 1625 dominus
1716 1585 1893 1635 noster,
1940 1583 2062 1634 quod

282 1660 381 1711 ipse
416 1659 455 1699 d.
481 1659 671 1700 Michael
706 1659 795 1699 illis
830 1658 1098 1698 melioribus
1125 1657 1211 1697 viis
1235 1658 1282 1697 et
1314 1656 1479 1706 modis,
1514 1655 1678 1706 quibus
1703 1655 1888 1706 poterit,
1922 1655 2062 1695 inter-

283 1732 428 1782 ponat
462 1742 565 1771 cum
591 1730 714 1771 omni
739 1729 918 1770 efficaci
947 1728 1257 1769 sollicitudine
1292 1727 1423 1768 iuxta
1454 1726 1680 1767 creditam
1705 1726 1790 1766 sibi
1817 1738 1843 1766 a
1866 1725 2062 1766 Domino

282 1802 491 1853 graciam
525 1801 653 1842 vices
687 1812 813 1841 suas.

404 1895 617 1946 Exponet
650 1895 839 1945 insuper
872 1894 1019 1935 eidem
1057 1894 1216 1934 comiti
1251 1906 1378 1943 casu,
1414 1905 1502 1943 quo
1527 1893 1756 1943 magister
1786 1891 2062 1932 Vincencius

285 1969 348 2008 sit
383 1970 622 2017 venturus,
657 1966 773 2006 alias
807 1966 972 2015 nichil,·
1005 1966 1141 2008 dicet.
1177 1965 1408 2015 quomodo
1444 1964 1616 2004 domini
1650 1963 1800 2004 nostri
1840 1975 1896 2003 ex
1931 1966 2063 2013 parte

284 2039 371 2080 fuit
404 2039 577 2078 missus
613 2038 669 2078 ad
703 2049 807 2078 eum
842 2040 887 2077 et
924 2037 1122 2087 qualiter
1155 2038 1229 2076 est
1270 2036 1351 2076 tali
1385 2035 1455 2076 die
1503 2037 1730 2075 venturus
1776 2036 1879 2084 etc„
1926 2035 2062 2084 prout

287 2122 388 2151 cum
425 2109 583 2150 eodem
621 2109 849 2159 magistro
884 2108 1135 2149 Vincencio
1171 2107 1466 2148 concluserit.

407 2193 597 2242 Insuper
630 2191 823 2232 accedet
868 2191 925 2231 ad
972 2191 1012 2231 d.
1060 2190 1278 2231 comitem
1315 2189 1427 2230 Fuxi
1475 2192 1519 2230 et
1567 2192 1766 2239 exponet
1815 2188 1961 2229 eidem
2011 2200 2064 2228 ac

288 2263 425 2304 faciet
465 2275 566 2304 cum
603 2274 656 2303 eo
692 2263 847 2303 ‹⁷›mnia
882 2264 1020 2313 prout
1054 2274 1195 2312 supra
1230 2261 1427 2301 mutatis
1452 2260 1689 2301 mutandis
1714 2262 1821 2301 etc:
1853 2262 1901 2300 et
1924 2259 2064 2299 nichi-

288 2334 487 2374 lominus
523 2345 649 2384 casu,
685 2345 773 2383 quo
808 2334 1038 2384 magister
1072 2332 1349 2373 Vincencius
1390 2343 1480 2372 non
1526 2333 1655 2371 esset
1700 2332 1942 2381 venturus,
1988 2342 2065 2370 ex-

287 2405 477 2456 plicabit
510 2405 658 2445 eidem
695 2405 853 2446 comiti
888 2404 1001 2444 Fuxi
1037 2415 1222 2454 causas,
1261 2414 1402 2454 quare
1436 2402 1730 2448 remanserit,
1765 2402 1903 2452 prout
1937 2401 2065 2451 ipsos

289 2476 344 2517 ab
380 2488 458 2517 ore
493 2477 706 2527 magistri
742 2475 977 2517 Vincencii
1012 2475 1235 2526 sepedicti
1270 2474 1507 2525 percipiet.
1572 2473 1619 2512 F.
1654 2472 1840 2513 Rovira.

288 2638 410 2693 (185)
437 2640 524 2681 Die
576 2640 850 2681 Unive›·.s·e·mt
896 2639 1037 2680 Paris
1082 2644 1161 2680 (sm
1210 2637 1265 2680 K.
1314 2639 1665 2688 ferdinancltv:
1708 2637 2068 2691 Auffordermzgy

438 2725 521 2752 zm·
553 2711 708 2753 Arbce‘l
738 2712 822 2764 fiir
854 2712 928 2751 (lie
967 2710 1127 2752 Um'on.
1194 2709 1334 2751 Paris·
1367 2710 1521 2759 (1415)
1553 2710 1657 2751 duh·
1686 2711 1727 2751 3.

409 2792 639 2834 Barcelona,
668 2792 928 2827 Kronarche'v.
960 2792 1018 2826 Or.
1048 2793 1143 2836 Pap.

411 2879 630 2929 Princeps
666 2879 968 2929 armipotens,
1003 2891 1083 2919 rex
1117 2878 1433 2919 illustrissime
1479 2880 1523 2918 et
1572 2877 1698 2918 fama
1733 2889 1813 2927 per
1859 2876 2066 2926 singulas

290 2952 456 3001 gentes
495 2950 740 2991 celebriter
773 2952 1045 2990 memorate.
1109 2949 1357 2990 Horridum
1391 2949 1565 2989 scisma
1598 2948 1929 2998 antiquamque
1962 2947 2066 2986 diri-

291 3032 417 3061 mere
452 3021 731 3061 discordiam
773 3020 831 3060 ad
864 3022 1050 3071 tempus
1088 3020 1176 3061 hoc
1211 3020 1413 3070 supremi
1453 3019 1616 3060 iudicis
1657 3018 1921 3059 reservavit
1959 3029 2065 3058 auc-

292 3092 478 3144 toritas,
514 3094 578 3143 ut,
614 3091 1005 3142 que111a‹1hnoduin
1048 3092 1175 3143 leges
1220 3091 1415 3142 pristine
1458 3090 1586 3141 pacis
1630 3089 1770 3144 fregit
1812 3088 2065 3138 dampnata
