2178 3404
260 170 346 214 420
616 178 674 212 ΙΙΙ.
703 176 921 211 Absclmitt.
974 174 1161 208 Benedikt
1192 172 1289 207 XIII.
1318 171 1395 206 und
1424 172 1494 207 das
1520 173 1669 209 Konzil.

261 285 584 335 t'atlienensi1)
618 287 688 327 vel
724 297 860 337 quam
896 284 1092 335 primum
1127 283 1243 323 idem
1281 282 1527 333 episcopus
1553 283 1859 328 Fathenensis
1894 300 2033 339 super

257 362 344 401 hoc
381 359 575 400 voluerit
614 357 891 397 consentire.
957 354 1003 394 F.
1038 354 1223 395 Revira.

258 514 378 566 (172)
408 512 687 553 Ins-trultrion
752 508 1000 549 Renede'kts
1058 507 1191 548 XIII.
1244 507 1328 559 fiir
1379 506 1537 560 Pelipe
1595 510 1649 550 de
1702 509 1850 551 Malla
1911 512 2029 553 mach

406 582 695 625 Schottland:
726 579 911 621 Bericlet
944 578 1053 620 iiber
1075 577 1267 619 Morella
1298 579 1399 619 und
1432 578 2030 635 (lieGe.5·(122(lz‘8(·h(1ft{vach

407 653 667 695 Konstanz:
706 650 956 692 Naelericht
1002 662 1093 691 rom
1137 648 1328 701 Vel-trag]
1365 648 1477 690 tiber
1508 651 1582 691 (Ile
1614 650 2035 705 Zusa‘mmculmus!

404 727 452 766 in
488 724 653 773 Nfzzffl
685 722 803 763 Bate
835 735 915 763 um
950 720 1202 762 Gesamlte:
1234 719 1399 762 Flmlet
1429 720 1645 761 Jolnoms
1677 721 1880 773 XXIII.,·
1931 723 2034 765 Ver-

406 795 654 847 scleiebvmgy
676 795 756 835 des
782 793 989 834 Termine
1018 792 1101 844 fiir
1122 791 1260 832 Nefzza
1290 792 1498 844 snecgyliele.
1549 794 1684 842 (1415
1706 794 1853 834 swelle
1875 793 2036 847 Hc'ilfte

407 866 578 919 ApriL)

377 949 485 982 Rom.
519 946 645 980 Vatik.
673 945 826 980 Archiv.
855 944 940 987 Rea.
970 944 1062 977 Rem.
1091 943 1203 977 XIII.
1229 944 1300 977 332
1324 943 1353 986 f.
1381 944 1453 977 551·
1488 943 1525 985 ff.

378 1019 645 1061 Memoriale
679 1030 852 1068 eorum,
887 1029 972 1067 que
1007 1017 1233 1067 magister
1262 1016 1496 1067 Philippus
1531 1016 1585 1056 de
1619 1017 1815 1058 Medalia
1849 1019 2035 1059 canoni-

264 1105 345 1134 cus
381 1090 771 1133 Barchinonensis
815 1089 858 1129 in
893 1088 1127 1138 theologia.
1170 1087 1397 1137 magister
1441 1090 1632 1129 acturus
1675 1090 1749 1129 est
1793 1089 1836 1129 in
1872 1089 2036 1131 Scocia

260 1176 342 1214 pro
376 1163 416 1203 d.
451 1175 492 1203 n.
528 1174 661 1213 papa.

380 1233 435 1273 Et
462 1235 570 1274 ante
597 1232 752 1273 onmia
777 1233 885 1281 post
920 1230 1223 1281 apostolicam
1256 1229 1623 1271 benedictionem
1660 1233 1703 1271 et
1730 1230 2035 1272 affettuosam

261 1304 598 1345 salutacionem
634 1315 689 1343 ex
733 1305 865 1353 parte
909 1302 1079 1342 domini
1122 1301 1271 1341 nostri
1315 1302 1355 1341 d.
1401 1301 1502 1342 duci
1546 1302 1740 1342 Albanie
1783 1305 1826 1342 et
1871 1302 2035 1352 guber-

262 1375 415 1415 natori
449 1374 577 1425 regni
603 1373 764 1414 Scocie
799 1374 1100 1423 presentatus
1125 1374 1323 1422 exponet
1350 1372 1496 1412 eidem
1533 1373 1572 1413 d.
1598 1372 1914 1424 gubernatori,
1949 1386 2036 1424 que

261 1447 530 1497 sequuntur.

380 1528 437 1568 Et
479 1528 641 1579 primo,
685 1527 883 1577 qualiter
924 1526 1011 1577 ille,
1047 1538 1180 1576 quein
1225 1538 1380 1576 regem
1416 1525 1733 1567 Romanorum
1776 1527 1926 1578 aliqui,
1961 1527 2034 1568 alii

262 1601 418 1640 autem
453 1599 783 1649 imperatorem
820 1598 1068 1649 appellant,
1103 1597 1231 1637 misit
1266 1629 1273 1636 .
1309 1628 1316 1636 .
1354 1592 1401 1647 .²)
1434 1596 1803 1638 deliberaverunt
1841 1598 2035 1638 nuncios

261 1669 581 1720 destinandos,
614 1671 662 1710 ut
690 1681 829 1719 super
859 1668 1086 1719 expositis
1112 1680 1192 1718 per
1215 1668 1410 1708 eundem
1437 1668 1806 1709 ambaxiatorem
1833 1669 2037 1719 plenarie

263 1741 613 1792 responderent,
656 1742 702 1781 et
745 1740 850 1791 quid
885 1739 1090 1780 futurum
1137 1751 1277 1790 super
1318 1739 1388 1779 his
1432 1742 1475 1780 et
1522 1740 1622 1780 aliis
1657 1742 1798 1791 esset,
1843 1742 2034 1790 possent

264 1812 442 1853 cercius
476 1810 731 1852 informari.

384 1895 497 1934 ltem
531 1894 731 1944 qualiter
764 1893 1136 1934 ambasciatores
1172 1893 1238 1933 sic
1268 1905 1348 1944 per
1381 1905 1477 1941 eos,
1511 1895 1563 1933 ut
1597 1893 1861 1944 predicitur,
1896 1893 2037 1933 desti—

264 1965 363 2006 nati
397 1965 687 2015 scripserunt
711 1965 856 2005 eidem
892 1964 1078 2005 domino
1102 1967 1267 2005 nostro
1301 1967 1345 2004 et
1381 1964 1491 2015 regi,
1525 1964 1660 2014 quod,
1694 1966 1944 2014 postquam
1970 1962 2038 2004 fu-

265 2038 397 2076 erunt
443 2036 486 2075 in
522 2034 803 2076 Constancia
838 2035 1088 2086 predictus,
1123 2035 1197 2086 qui
1232 2035 1401 2075 dicitur
1433 2035 1690 2085 imperator
1722 2036 1769 2074 et
1803 2034 2038 2075 ambaxia-

265 2110 394 2147 tores
428 2106 537 2147 dicti
572 2106 744 2146 domini
777 2106 926 2146 nostri
962 2118 1015 2146 ac
1050 2105 1090 2145 d.
1125 2106 1249 2156 regis
1289 2105 1536 2156 Aragonie,
1571 2105 1691 2155 quod
1726 2105 1845 2156 apud
1879 2107 2039 2155 partes

266 2177 390 2218 Nicie
425 2177 577 2217 dictus
612 2177 826 2217 dominus
859 2178 1022 2217 noster
1063 2178 1111 2216 et
1153 2188 1233 2217 rex
1265 2176 1499 2226 Aragonie
1543 2188 1594 2215 ac
1628 2176 1886 2226 imperator
1926 2175 2039 2215 iam-

266 2248 419 2289 dictus
463 2259 543 2298 per
586 2250 737 2289 totum
782 2259 988 2288 mensem
1025 2248 1136 2288 lunii
1181 2247 1388 2297 proxime
1431 2247 1686 2286 instantem
1731 2246 2041 2296 personaliter

268 2319 585 2370 convenirent,
629 2319 901 2359 solemniter
944 2318 1287 2359 concordarunt
1331 2320 1375 2357 et
1413 2316 1590 2367 publice
1632 2317 1827 2357 invicem
1871 2316 2040 2367 promi-

268 2391 444 2440 serunt,
479 2390 537 2430 ad
561 2390 681 2440 quod
707 2389 1046 2440 adimplendum
1084 2388 1194 2429 facit
1222 2389 1339 2429 idem
1366 2388 1579 2428 dominus
1604 2391 1779 2439 noster,
1815 2389 2038 2438 quantum

268 2462 342 2500 est
376 2461 610 2511 possibile,
644 2461 799 2501 omnia
822 2460 1091 2500 necessaria
1126 2472 1227 2500 cum
1264 2459 1477 2499 studiosa
1511 2460 1557 2498 et
1582 2459 1765 2499 solicita
1800 2457 2041 2507 diligencia

268 2531 519 2584 preparari.

388 2615 607 2655 Preterea
632 2615 754 2665 quod
787 2614 1025 2655 videretur
1047 2614 1180 2655 valde
1214 2614 1464 2664 expediens
1499 2613 1715 2663 dictoque
1738 2610 2041 2661 gubernatori

271 2696 323 2727 ac
367 2683 706 2735 1·egn0‘·Scocie
751 2685 999 2725 admodum
1044 2684 1327 2730 honorabile,
1370 2686 1505 2735 prout
1550 2683 1694 2723 eidem
1740 2681 2040 2733 gubernatori

270 2769 350 2807 per
395 2756 435 2796 d.
482 2756 819 2796 Moraviensem
871 2756 1140 2806 episcopum
1188 2755 1359 2795 domini
1408 2755 1558 2795 nostri
1604 2767 1658 2793 ex
1706 2756 1839 2803 parte
1885 2751 2038 2792 debuit

270 2826 491 2877 enarrari,
535 2826 669 2877 quod,
713 2828 847 2877 prout
899 2838 1033 2876 reges
1077 2829 1124 2866 et
1167 2826 1240 2866 alii
1283 2825 1512 2876 principes
1557 2824 1822 2865 obediencie
1870 2821 2041 2862 domini

393 2965 417 3007 ¹)
444 2964 668 2998 Alexander
695 2966 738 2998 de
767 2966 869 2999 l'aus
894 2966 998 2998 hatte
1020 2965 1108 2998 1414
1128 2965 1211 2998 Mae·
1237 2965 1259 2996 4
1285 2965 1359 2997 (Ias
1378 2964 1528 2997 Ristnm
1552 2963 1727 2997 C'aituess
1757 2963 1793 2995 in
1815 2961 2042 2995 Schotllaml

270 3026 354 3058 med
379 3024 545 3067 :tiglleish
575 3025 636 3057 die
661 3024 990 3057 Adue‘'nise-caio„
1023 3034 1091 3057 mm
1124 3023 1272 3066 (lrk‘negfl
1298 3022 1482 3056 orimum.

392 3082 418 3117 ²)
448 3083 536 3116 Nem
554 3082 649 3125 sely!
664 3082 862 3116 fullamma
880 3093 981 3124 glan:
997 3083 1080 3116 mid
1102 3081 1270 3115 ›riirtlsch
1290 3081 1371 3124 fast
1391 3080 1558 3114 ‹Iasselbe
1576 3081 1646 3114 *irie
1660 3082 1698 3113 1'12
1717 3080 1786 3113 der
1805 3074 1954 3120 voriflen
1974 3078 2038 3111 ΝΤ.
