2178 3404
294 141 381 182 350
698 150 740 182 Il.
769 148 988 182 Abschnitt.
1039 148 1188 191 Gregor
1213 148 1293 181 XII.
1321 148 1399 181 und
1427 147 1497 180 das
1524 147 1672 180 Konzil.

292 259 471 299 illustre
517 259 744 299 hactenus
792 257 925 297 satis,
991 256 1081 298 Sed
1124 256 1250 297 Deus
1295 258 1459 297 noster
1502 256 1798 297 ineffabiliter
1842 256 2061 307 optimus.

292 331 366 380 qui
401 329 647 370 consuevit
682 329 882 368 virtutes
917 328 1091 368 donare
1126 330 1173 367 et
1197 328 1365 368 merita
1391 328 1626 368 cumulare
1650 327 1902 367 virtutibus
1927 327 2062 367 meri-

290 402 443 451 tisque
479 400 632 450 largiri
668 399 858 450 premia⁷
902 399 1024 439 sicut
1057 410 1143 439 vos
1189 400 1316 439 etate
1357 401 1544 439 teneres
1590 398 1686 439 zelo
1735 398 1971 448 religionis
2016 399 2062 437 et

290 471 392 511 fidei
428 483 509 510 sue
552 469 729 511 imbuit.
774 469 941 510 merita
991 481 1094 509 cum
1144 470 1331 520 premiis
1377 469 1648 519 extendens„
1696 469 1762 508 ita
1808 468 2063 509 iiox*1ssi111e

291 542 488 592 elegisse
534 542 665 581 nisus
714 543 785 581 est
834 540 891 580 ad
938 552 1053 590 opus
1100 540 1289 591 clarum,
1341 541 1410 580 vel
1456 540 1620 580 melius
1667 539 2060 590 preelarissimum

291 613 498 653 dixerim.
564 612 694 662 Quod
744 611 863 651 enim
1057 611 1172 652 adeo
1222 611 1587 652 serenissimum.
1637 623 1774 661 quam
1826 610 1946 650 inter
1990 612 2060 650 tot

290 696 425 734 reges
459 686 503 724 et
539 683 770 734 principes
805 681 969 722 ambos
992 682 1238 721 Dominum
1275 682 1470 732 elegisse
1506 682 1646 728 solos.
1681 680 1845 731 quibus
1879 681 2062 721 unicam

290 767 511 806 sponsam
548 766 680 794 suam
716 753 1016 804 predilectam
1053 753 1246 803 triginta
1289 756 1335 793 et
1381 755 1487 793 octo
1536 753 1668 792 annis
1713 752 1971 791 laceratam
2017 753 2061 790 et

289 837 561 877 percussam
598 827 737 875 atque
770 823 1084 864 humilitatam
1121 824 1517 864 connnendaverit
1565 822 1898 863 sublevandam
1942 822 2064 872 paci-

290 896 611 947 ficandamque
661 898 706 936 et
755 897 828 935 tot
876 894 993 935 filios
1041 894 1116 934 diu
1170 894 1445 944 gemibunde
1500 894 1709 945 querenti
1764 904 2063 943 congregare,

290 967 679 1018 quemadmodum
714 966 884 1017 gallina
919 968 1177 1015 congregat
1209 965 1358 1015 pullos
1400 977 1512 1005 suos
1549 997 1555 1004 .
1593 997 1600 1004 .
1636 961 1682 1011 .¹)
1740 964 1909 1004 Verum
1959 964 2064 1014 quia

290 1039 618 1079 serenissimus
654 1048 788 1078 cesar
821 1048 936 1087 opus
980 1038 1077 1076 tam
1123 1036 1295 1076 celeste
1343 1035 1635 1076 confirmavit
1680 1047 1771 1075 non
1817 1046 1963 1085 parva
2009 1046 2063 1073 ex

290 1113 425 1160 parte
458 1109 688 1149 iniciando
723 1111 769 1149 et
809 1119 954 1158 usque
1000 1107 1058 1147 ad
1103 1107 1227 1147 illam
1274 1107 1551 1157 perficiendo
1597 1106 1879 1156 pta-cionffln.
1926 1117 2060 1156 quam

291 1180 534 1221 serenitati
569 1183 727 1220 vestre
764 1191 867 1220 cum
903 1190 986 1218 sua
1022 1180 1313 1218 reservatam
1356 1178 1507 1217 omnis
1541 1177 1738 1217 ecclesia
1783 1177 2066 1227 imaginatur

293 1256 338 1294 et
373 1253 546 1303 sperat,
596 1250 733 1291 debet
783 1250 1032 1290 clemencia
1082 1252 1239 1289 vestra
1291 1249 1652 1294 conclusionem,
1702 1261 1727 1288 a
1781 1260 1871 1299 qua
1918 1248 2065 1288 noluit

294 1322 600 1373 Omnipotens
652 1333 736 1361 vos
783 1323 1024 1371 expertem
1072 1320 1185 1371 fore7
1231 1320 1466 1371 perficere.
1529 1318 1711 1359 Debent
1757 1321 2065 1369 tenenturque

292 1392 447 1433 infima
484 1404 661 1443 queque
707 1391 916 1432 membra
963 1392 1191 1432 assistere
1239 1391 1385 1440 vobis,
1433 1402 1570 1441 quam
1618 1390 1870 1431 coadiuvat
1915 1390 2064 1431 omnis

292 1463 547 1514 spiritualis
578 1465 625 1503 et
649 1463 890 1503 terrestris
914 1462 1215 1513 principatus.
1252 1462 1503 1512 Propterea
1529 1461 1711 1511 quidem
1736 1462 1857 1501 inter
1881 1463 2064 1502 ceteros

291 1535 523 1579 minimus.
559 1534 595 1574 si
630 1533 863 1573 modicum
898 1533 1157 1584 propiciare
1193 1545 1373 1584 queam⁷
1408 1532 1575 1573 saltem
1618 1531 1739 1582 quod
1774 1532 1914 1572 ceteri
1961 1543 2064 1582 pro-

291 1606 464 1656 ficiant.
499 1607 609 1655 opto
644 1607 691 1645 et
726 1606 898 1655 tamen7
934 1603 1055 1654 quod
1089 1603 1327 1644 minimum
1364 1603 1561 1650 valeam„
1595 1602 1718 1643 nulla
1743 1603 1879 1644 michi
1905 1603 2066 1643 videor

290 1677 479 1717 racione
513 1676 797 1716 intentatum
821 1675 1093 1725 relinquere.
1158 1674 1271 1714 Hinc
1307 1686 1487 1725 quoque
1512 1674 1612 1714 ausi
1638 1674 1834 1724 quedam
1861 1673 2065 1714 scribere

292 1747 658 1788 clementissimo
702 1746 888 1787 domino
930 1746 1051 1797 apud
1083 1757 1169 1786 vos
1204 1747 1472 1796 nuncupato
1508 1744 1758 1785 Benedicto
1792 1744 1921 1795 XIII.7
1965 1756 2065 1795 que,

292 1819 329 1858 si
364 1818 579 1869 placebit„
614 1818 794 1858 intuere
827 1817 1002 1868 poterit
1036 1817 1272 1867 sapiencia
1306 1817 1445 1867 regIs,
1481 1816 1586 1867 quia
1621 1827 1724 1856 cum
1772 1816 1865 1856 ista
1899 1826 2065 1856 annec—

291 1892 466 1929 tuntur.
532 1888 588 1929 Et
622 1888 729 1928 dum
763 1887 885 1929 forte
919 1888 1097 1939 prolixa
1131 1888 1269 1927 nimis
1309 1887 1623 1938 apparuerint.
1656 1886 1915 1927 librandum
1960 1898 2065 1936 sup.-

290 1960 424 2011 plico‚
463 1971 662 2010 quonam
697 1959 835 1999 modo
869 1959 1023 2009 possit
1056 1971 1137 2009 per
1170 1959 1330 1998 rudem
1364 1970 1455 2009 pax
1498 1958 1659 2008 paucis
1705 1958 1852 2008 repeti
1897 1956 2065 2008 verbis7

291 2043 377 2081 que
411 2043 437 2071 a
473 2030 760 2080 sapientibus
801 2030 944 2070 seculi
990 2030 1183 2080 triginta
1227 2031 1334 2070 octo
1381 2029 1514 2069 annis
1560 2029 1719 2069 multis
1762 2028 2065 2079 argumentis,

290 2114 346 2142 ne
370 2101 497 2142 facta
521 2101 749 2141 hactenus
775 2101 848 2151 sit,
873 2101 1021 2141 vetita
1045 2103 1132 2141 est.
1153 2132 1160 2140 .
1183 2132 1189 2140 .
1212 2133 1219 2141 .
1246 2101 1335 2141 sed
1356 2100 1560 2151 tandem,
1584 2111 1640 2140 ne
1660 2099 1962 2140 imbecillibus
1988 2130 1995 2138 .
2023 2131 2030 2139 .
2057 2130 2064 2138 .

290 2173 524 2223 immorer,
561 2172 617 2212 ad
650 2172 811 2223 prima,
847 2184 933 2222 que
968 2171 1193 2212 validiora
1218 2174 1340 2222 sunt.
1375 2171 1526 2211 redeo.
1591 2170 1767 2218 Nostis,
1791 2170 1946 2211 inclite
1969 2181 2065 2221 rex,

290 2255 453 2294 pacem
488 2242 643 2283 offerri
678 2244 724 2282 et
758 2254 920 2293 pacem
956 2242 1048 2293 peti
1081 2254 1162 2293 per
1196 2244 1380 2283 ceteros
1416 2242 1785 2282 Christianorum
1835 2254 1860 2282 a
1903 2252 2064 2292 supra-

291 2314 415 2354 dicto
449 2314 489 2354 d.
525 2313 789 2354 Bene—dioto.
854 2313 903 2353 Ei
939 2313 1135 2354 offertur
1168 2326 1223 2354 ex
1260 2313 1472 2363 caritate.
1515 2312 1570 2353 ab
1605 2325 1659 2353 eo
1694 2324 1750 2352 ex
1786 2312 1985 2353 caritate
2019 2313 2065 2352 et

291 2385 446 2425 debito
492 2385 679 2436 petitur.
729 2384 849 2434 quod
897 2385 934 2424 si
980 2385 1176 2425 noluerit
1225 2396 1280 2424 ex
1327 2383 1482 2424 debito
1529 2384 1653 2427 (lare,
1699 2383 1849 2433 gratis
1896 2383 1974 2423 det
2019 2384 2066 2422 et

291 2456 545 2506 accipietur
577 2455 727 2505 gratis
760 2455 846 2495 hoc
880 2467 962 2506 pro
997 2467 1110 2506 pace
1145 2458 1448 2505 utrorumque
1489 2454 1544 2494 ab
1579 2466 1647 2498 eo.
1689 2454 1809 2505 quod
1852 2452 2066 2504 petitur²¹)

291 2528 613 2577 speraturque,
649 2527 880 2577 quoniam,
928 2526 965 2566 si
999 2526 1211 2581 negando
1257 2526 1458 2566 noluerit
1504 2537 1553 2565 se
1598 2524 1867 2575 iustificare,
1913 2524 2064 2564 nullus

291 2597 427 2637 adest
461 2608 656 2637 consors
674 2591 706 2647 '')
739 2599 954 2647 papatus,
988 2597 1032 2637 in
1066 2609 1200 2648 quem
1244 2596 1478 2637 defectum
1521 2596 1662 2636 dilate
1709 2608 1790 2636 seu
1836 2594 2065 2646 prohibite

290 2667 419 2717 pacis
453 2667 712 2717 retorqueri
747 2670 900 2717 queat.
966 2668 1054 2708 Sed
1087 2666 1300 2718 profecto
1337 2680 1363 2708 a
1397 2667 1530 2707 vobis
1565 2667 1759 2717 denique
1789 2666 1937 2717 petita
1960 2651 2064 2716 pax,

291 2749 582 2788 quocumque
616 2737 687 2778 ille
722 2749 772 2777 se
807 2739 977 2789 vertat7
1011 2749 1103 2778 non
1138 2738 1390 2788 ambigitur
1424 2737 1634 2778 obtineri.
1698 2738 1871 2778 Verum
1907 2736 1945 2776 si
1986 2735 2064 2776 ali-

291 2820 423 2849 orum
463 2808 586 2849 forte
634 2809 905 2849 seductione
951 2809 1138 2850 dubium
1154 2807 1184 2861 c)
1218 2821 1298 2849 cor
1342 2808 1510 2849 subeat
1555 2810 1779 2857 vestrum,
1824 2806 2065 2847 intuemini

290 2880 462 2920 mentis
508 2880 607 2920 acie
648 2881 801 2920 totam
849 2882 1064 2921 sanctam
1111 2880 1357 2921 ecclesiam
1402 2881 1603 2920 matrem
1647 2879 1858 2919 vestram
1905 2888 2063 2918 coram

409 3005 440 3038 a)
480 3005 614 3032 Petitur
634 3027 639 3031 .
660 3026 666 3032 .
687 3025 694 3031 .
716 3013 855 3031 consors
875 3014 927 3031 am
950 3006 1073 3033 Raude.
1111 3005 1145 3039 b)
1166 3005 1261 3040 Folyt
1281 3013 1363 3032 sors.
1403 3006 1432 3039 c)
1452 3005 1548 3042 Folyt
1572 3004 1668 3039 quod.

412 3067 435 3105 1)
463 3067 597 3101 Matth.
625 3067 681 3109 223,
707 3068 755 3100 37
