2178 3404
280 123 366 165 366
676 131 717 165 II.
746 130 964 165 Absohnitt.
1016 129 1164 172 Gregor
1190 127 1271 163 XII.
1300 130 1377 162 und
1405 130 1476 163 das
1503 130 1649 163 Konzil.

279 255 331 283 ac
366 242 568 283 tuicione
601 244 648 280 et
684 239 900 280 custodia
933 239 1043 280 dicti
1078 239 1257 280 concilii
1302 241 1462 289 partes
1495 242 1702 291 nostras,
1736 242 1960 291 quantum
2006 240 2049 280 in

277 312 411 353 nobis
435 314 551 362 eratq
576 310 773 351 fideliter
795 310 1091 361 interponere
1115 309 1397 361 curavimus,
1420 321 1512 350 non
1537 321 1781 360 speramus
1811 310 2052 361 meruisse,

280 386 413 434 prout
465 385 508 423 et
559 382 648 422 alia
699 380 975 421 venerabilis
1025 381 1252 432 magister
1301 379 1542 421 Conradus
1591 381 1645 422 de
1681 380 1867 432 Susat-O,
1919 390 2052 421 sacre

278 454 510 504 theologie
536 451 776 503 professor
799 454 846 492 et
870 452 1014 502 ipsius
1040 451 1328 493 sanctissimi
1352 451 1522 492 domini
1547 452 1698 493 nostri
1722 451 2052 502 subdiaconus,

281 524 568 575 presencium
605 522 838 563 exhibitor
872 523 1147 573 paternitati
1180 524 1338 563 vestre
1372 522 1760 563 reverendissime
1795 522 2053 563 declarabit

280 596 384 636 viva
419 607 547 642 voce,
583 594 653 634 cui
687 593 834 634 eciam
881 594 925 633 in
959 593 1214 634 referendis
1260 593 1346 634 hac
1370 593 1480 634 ¹vice
1526 596 1658 644 parte
1703 595 1869 634 nostra
1915 592 2050 633 fidem

277 666 511 707 credulam
547 665 700 706 velitis
736 664 966 716 adhibere,
1007 667 1250 715 paternam
1284 665 1474 715 insuper
1507 664 1802 705 affectionem
1844 666 2050 704 vestram

275 749 387 787 erga
419 748 506 777 nos
539 738 583 777 et
620 735 864 787 premissa,
899 747 985 786 que
1019 736 1142 776 iuste
1174 736 1376 785 petimus
1411 738 1457 775 et
1491 746 1749 786 speramus7
1797 735 1863 775 sic
1898 736 2052 785 pater-

276 808 444 847 naliter
477 806 764 858 exhibentes,
798 809 847 846 ut
884 807 942 848 ad
975 807 1181 848 eiusdem
1216 807 1508 857 beneplacita
1530 806 1793 847 fervencius
1819 806 2052 856 astringa-

279 890 394 926 mur,
429 889 515 928 que
540 877 812 918 Altissimus
838 878 1011 918 votivis
1036 880 1079 918 et
1106 877 1315 918 felicibus
1350 877 1679 928 prosperitatis
1704 879 1751 917 et
1774 877 1963 918 honoris
1987 876 2052 916 in-

278 949 528 989 crementis
568 960 649 999 per
682 952 896 1000 tempora
941 948 1150 999 longiora
1196 949 1412 999 dignetur
1458 947 1721 989 confovere.
1787 947 1957 988 Datum
2006 948 2051 987 in

279 1022 438 1060 castro
458 1019 732 1070 Heidelberg
754 1019 1115 1060 Wormaciensis
1135 1019 1335 1060 diocesis
1356 1031 1476 1059 anno
1494 1019 1677 1059 Domini
1696 1017 1992 1059 MCCCCXW
2006 1018 2052 1069 ll,

278 1091 348 1130 die
382 1090 475 1130 XII.
511 1091 685 1131 mensis
721 1090 957 1130 Februarii
992 1092 1156 1131 nostro
1191 1090 1276 1131 sub
1312 1092 1509 1130 secreto.

399 1161 659 1202 Ludovicus
692 1161 773 1202 Dei
816 1161 975 1211 gracia
1022 1173 1179 1202 comes
1226 1161 1465 1201 Palatinus
1509 1160 1654 1200 Rheni
1700 1160 1821 1200 sacri
1856 1159 2050 1200 Romani

280 1233 456 1283 imperii
490 1232 801 1283 archidapiser
833 1234 877 1272 et
915 1233 1127 1282 princeps
1161 1232 1337 1273 elector
1372 1244 1423 1272 ac
1460 1231 1656 1272 Bavarie
1690 1231 1794 1271 dux
