2178 3404
290 186 332 218 A.
385 181 573 217 Bencdikt
603 180 700 216 XIII.
729 184 805 216 und
833 183 939 215 scine
969 183 1236 220 Hezic2h11112·(›11
1267 193 1309 214 zu
1340 181 1568 214 Schottland
1599 184 1670 214 (16.
1782 166 1867 209 4Ῑῦ

101 295 378 346 gregacione
412 293 595 334 Pisana.
630 293 703 344 qui
740 292 897 343 procul
922 292 1058 333 dubio
1088 292 1376 342 repperietur
1399 291 1583 331 iusticia
1609 289 1869 340 exhigente,

101 365 220 416 quod
256 364 343 405 fuit
375 364 527 404 nullus
563 375 615 404 ac
651 375 891 414 perperam
928 366 971 403 et
1007 363 1159 413 inique
1195 365 1358 402 contra
1381 362 1525 402 Deum
1551 364 1599 401 et
1622 361 1870 401 iusticiam.

101 439 265 477 contra
299 447 435 476 omne
467 435 538 475 ius
579 438 623 474 et
659 446 841 473 omnem
877 434 1130 483 equitatem
1179 433 1222 472 in
1270 444 1487 482 magnum
1540 432 1869 472 detrimentum

100 507 282 547 unionis
316 505 510 547 ecclesie
543 508 588 544 et
625 504 776 545 tocius
811 503 913 544 fidei
949 503 1176 543 catholice
1213 506 1540 552 attemptatus.
1607 502 1660 542 Et
1709 502 1872 541 exinde

98 576 297 617 faciliter
331 577 436 617 unio
471 575 569 630 dari
603 575 725 616 valet
762 574 1025 625 preobtata.
1060 579 1107 613 ut
1146 562 1443 623 premittitur.

220 647 420 687 Ulterius
455 647 561 697 quia
595 658 649 685 ex
684 645 772 685 tine
818 645 940 685 dicte
988 644 1146 684 cedule
1192 644 1473 693 generaliter
1521 644 1767 694 loquentisi
1815 643 1872 683 ad

99 730 235 768 quam
262 717 598 768 acceptandam
624 716 852 757 dificulter
871 715 1317 765 condescenderunt7
1338 716 1384 755 ut
1408 715 1641 764 scriptura
1666 717 1873 754 testatur

99 789 208 829 dicti
244 788 284 829 d.
320 789 518 838 comitis,
552 788 676 828 nulla
711 790 839 828 certa
876 788 950 827 via
984 788 1061 826 aut
1110 786 1276 826 modus
1323 785 1618 836 particularis
1667 785 1873 835 aperitur

98 871 181 899 nec
217 860 291 899 via
325 859 621 909 particularis
662 871 741 909 per
784 858 1017 899 dominum
1053 859 1267 897 nostrum
1319 868 1400 906 pro
1449 856 1614 895 unione
1660 855 1870 896 habenda

100 932 294 981 apperta
340 933 626 981 acceptatur,
669 932 739 970 set
777 930 925 970 solum
971 929 1131 979 dicitffl)
1177 928 1311 978 quod.
1359 939 1459 967 cum
1509 927 1674 966 suerint
1723 926 1872 967 simul.

100 1001 231 1041 fieret
265 1001 371 1041 unio
407 999 615 1051 perfecta
650 1012 730 1051 per
771 1012 932 1041 omnes
969 1000 1068 1040 vias
1115 1003 1159 1039 et
1208 998 1356 1038 bonos
1404 998 1581 1037 modos.
1628 998 1702 1047 qui
1748 997 1873 1037 vide-

99 1071 270 1112 buntur
302 1083 443 1122 posse
475 1073 523 1112 et
556 1071 710 1112 deberi
745 1070 841 1112 fieri
876 1073 989 1111 etc.:
1038 1082 1213 1121 verum,
1248 1070 1351 1109 licet
1389 1069 1431 1108 in
1468 1081 1552 1109 suo
1587 1080 1754 1118 genere
1789 1068 1871 1107 hec

100 1142 242 1182 verba
276 1141 397 1182 bona
431 1143 653 1193 existant,
688 1143 799 1183 talia
835 1147 990 1182 tamen
1027 1141 1244 1181 videntur
1290 1140 1475 1180 domino
1510 1143 1676 1179 nostro
1723 1139 1873 1187 magis

99 1212 252 1252 deberi
288 1213 485 1263 apperiri
521 1212 674 1253 saltim
704 1212 1118 1263 principalioribus.
1142 1223 1198 1252 ne
1223 1211 1266 1250 in
1292 1210 1740 1259 ming-regat·ionibus
1767 1221 1874 1249 con-

99 1282 255 1323 finium
291 1283 554 1324 obediencie
589 1284 658 1324 vel
695 1284 824 1324 alias.
860 1289 995 1334 prout
1033 1282 1246 1333 superius
1281 1281 1455 1321 (lictum
1491 1286 1578 1331 est7
1613 1281 1671 1321 sit
1699 1280 1874 1321 inutilis

99 1365 321 1394 accessus
355 1356 547 1404 propter
580 1355 737 1395 varias
772 1354 1009 1394 hominum
1045 1352 1331 1403 oppinione&
1366 1352 1440 1402 qui
1485 1351 1550 1392 sic
1586 1352 1629 1391 in
1677 1350 1873 1391 confuso

99 1425 430 1465 convenientes
484 1428 678 1476 possent
723 1425 982 1476 impetuose
1038 1434 1244 1464 errorem
1291 1426 1338 1463 et
1384 1423 1655 1463 scandalum
1703 1423 1747 1462 in
1794 1422 1874 1462 Dei

98 1496 297 1536 ecclesia
340 1496 572 1537 suscitare
615 1498 662 1536 et
703 1496 945 1547 negocium
990 1495 1218 1535 deducere
1253 1493 1308 1534 de
1350 1493 1472 1534 sacili
1517 1493 1574 1534 ad
1617 1496 1874 1544 rupturam.

218 1567 284 1608 Ex
327 1567 491 1618 quibus
527 1567 825 1608 considerant
867 1566 1085 1616 nonnulli,
1131 1565 1252 1616 quod
1286 1565 1391 1605 licet
1428 1565 1468 1605 (l.
1505 1576 1662 1605 comes
1697 1568 1875 1605 rectam

99 1638 271 1679 habeat
305 1639 615 1679 intencionem
652 1638 696 1678 in
733 1638 974 1688 premissis
1017 1648 1128 1687 erga
1163 1636 1245 1676 Dei
1291 1636 1577 1686 ecclesieque
1624 1647 1706 1676 sue
1755 1640 1798 1675 et
1837 1635 1876 1675 d.

98 1721 140 1749 n.
176 1721 292 1760 pape
327 1709 573 1750 servicium
609 1712 653 1748 et
690 1709 928 1759 houm-em,
964 1708 1018 1748 de
1053 1720 1141 1758 quo
1177 1707 1343 1747 merito
1379 1711 1599 1757 tanquam
1637 1706 1691 1746 de
1716 1706 1876 1747 catho-

99 1780 187 1821 lico
231 1781 434 1831 principe
477 1780 690 1820 dominus
736 1783 900 1821 noster
944 1778 1157 1819 fiduciam
1208 1778 1325 1828 gerit
1374 1777 1671 1827 singularem.
1718 1779 1875 1817 tamen

101 1851 238 1901 aliqui
273 1854 379 1891 sunt
417 1850 471 1891 de
505 1862 648 1901 regno
685 1850 891 1901 Franciea
938 1850 1011 1901 qui
1046 1849 1214 1889 vellent
1250 1851 1509 1889 tractatum
1553 1849 1596 1888 in
1633 1848 1875 1899 premissis

100 1921 328 1962 deducere
366 1933 458 1962 non
494 1921 551 1962 ad
596 1920 766 1962 bonum
816 1921 1013 1971 unionis³
1063 1922 1135 1960 set
1184 1922 1235 1960 ut
1269 1919 1309 1959 d.
1344 1931 1386 1959 n.
1438 1931 1603 1969 papam
1654 1918 1876 1969 impedire

99 1992 285 2033 valeant
323 2004 349 2032 a
383 1995 550 2033 sancto
585 2004 670 2033 suo
705 1992 961 2043 propositQ
997 1990 1118 2042 quod
1151 1989 1290 2030 habet
1327 1990 1384 2030 ad
1418 1989 1612 2030 ecclesie
1646 1990 1875 2030 unionem.

100 2074 191 2103 non
226 2062 458 2113 parcendo
499 2062 736 2104 laboribus
783 2066 826 2103 et
875 2062 1093 2113 expensis
1141 2063 1281 2112 atque
1327 2060 1556 2111 periculis.
1607 2072 1710 2100 cum
1757 2060 1874 2100 idem

101 2133 316 2174 dominus
350 2136 514 2174 noster
547 2136 733 2174 attenta
767 2134 993 2174 dilacione
1027 2132 1252 2173 retroacti
1276 2131 1515 2182 temporis,
1551 2132 1594 2171 in
1623 2143 1712 2181 quo
1740 2130 1876 2171 nichil

103 2204 255 2255 potuit
287 2204 528 2255 proficere,
563 2207 611 2245 et
645 2216 729 2245 sua
755 2204 885 2245 senili
910 2206 1051 2252 etate,
1076 2203 1176 2244 vult
1200 2206 1245 2243 et
1271 2202 1467 2242 intendit
1495 2204 1603 2242 ante
1628 2201 1876 2242 terminum

102 2275 198 2315 vite
232 2286 314 2315 sue
348 2286 429 2325 per
463 2275 632 2326 omnia,
667 2287 753 2326 que
787 2275 911 2315 Deus
947 2274 1032 2315 sibi
1068 2273 1368 2323 lninistrabin
1402 2273 1607 2313 remedia
1646 2271 1878 2312 indefesse

103 2356 185 2395 pro
219 2344 372 2385 danda
404 2345 572 2386 unione
607 2358 719 2387 suos
754 2346 1049 2396 interponere
1082 2343 1281 2394 labores,
1316 2344 1421 2384 dum
1459 2346 1630 2394 potest.
1690 2341 1877 2391 Tamen,

102 2414 177 2454 ubi
212 2415 425 2456 dominus
470 2419 633 2457 noster
680 2416 856 2457 videret
903 2416 947 2455 in
993 2426 1137 2465 regno
1185 2414 1378 2455 Francie
1423 2412 1522 2454 fore
1568 2413 1678 2453 utile
1724 2412 1878 2452 unioni

104 2485 298 2525 ecclesie
345 2486 414 2525 vel
463 2498 622 2527 eorum
670 2486 927 2527 reductioni
976 2497 1027 2525 ac
1072 2485 1211 2525 saluti
1260 2484 1532 2535 animarum,
1581 2483 1749 2524 nedum
1797 2494 1878 2533 pro

103 2567 224 2595 nunc
272 2555 595 2606 Pei-pinianum
644 2557 885 2597 accederet
932 2559 977 2596 et
1026 2555 1269 2596 Franciain
1317 2554 1724 2606 appropinquaret,
1770 2565 1878 2605 ymo

106 2625 231 2667 omni
264 2627 474 2676 tempore
507 2630 553 2667 et
586 2627 631 2667 in
667 2638 955 2678 quacumque
989 2629 1122 2677 parte
1162 2626 1313 2676 ipsum
1361 2625 1527 2666 adesse
1573 2625 1879 2675 contingeret,

106 2695 144 2736 si
187 2695 359 2736 dictam
402 2696 652 2738 utilitatem
690 2698 857 2738 viderit
904 2709 1006 2738 cum
1041 2696 1225 2747 effectu,
1269 2698 1463 2747 paratus
1498 2696 1586 2736 erit
1620 2696 1719 2735 sine
1753 2706 1880 2735 more

108 2766 347 2817 dispendio
381 2770 427 2807 et
463 2768 786 2818 Perpinianum
823 2768 979 2808 venire
1013 2770 1061 2808 etr
1095 2767 1183 2808 alia
1216 2766 1386 2817 facere,
1421 2779 1506 2818 que
1540 2768 1673 2807 erunt
1725 2765 1879 2805 unioni

105 2837 301 2878 ecclesie
334 2839 604 2879 necessaria
637 2838 710 2879 vel
744 2841 1020 2890 opportuna.
1084 2838 1142 2878 Et
1175 2838 1230 2878 de
1274 2837 1361 2878 hiis
1409 2837 1622 2878 omnibus
1668 2835 1881 2887 prefatus

107 2907 147 2947 d.
182 2919 340 2949 comes
374 2911 533 2959 potest
567 2921 672 2950 esse
711 2909 826 2950 bene
861 2920 1069 2959 securus7
1115 2908 1236 2959 quod
1283 2908 1497 2949 dominus
1545 2901 1754 2956 nosterb)
1802 2916 1882 2956 per

107 2977 325 3019 effectum
362 2979 630 3030 adimplebit
664 2980 819 3020 omnia
854 2979 1132 3031 premissaf)

227 3104 258 3137 a)
279 3104 321 3130 So
330 3103 401 3138 Rey.
418 3103 531 3137 1))369.
544 3103 752 3138 folgstoperis.
775 3103 994 3137 6).»1υιῘίιιηιῖς
1009 3103 1075 3129 Ista
1087 3102 1151 3128 iam
1163 3102 1347 3135 registrata
1359 3102 1432 3133 suit.
1444 3106 1479 3127 ut
1493 3106 1643 3135 apparet.
1655 3105 1806 3126 correcta
1820 3105 1881 3125 etc-
