2178 3404
306 141 390 182 272
678 149 700 181 l.
732 149 950 181 Abschnitt.
1001 148 1157 181 Johann
1188 147 1324 181 XXIII.
1353 149 1430 182 und
1458 149 1528 182 das
1555 149 1704 183 Konzil.

305 258 431 308 regni
469 258 674 308 prelatos
709 258 753 296 et
790 257 844 296 de
879 256 1001 296 clero
1037 256 1312 297 huiusmodi.
1361 257 1433 307 qui
1470 259 1774 299 consimiliter
1806 263 2079 300 recusarent

303 330 464 369 forsan
507 328 802 368 contribuere
836 328 878 367 in
925 328 1167 378 premissis
1202 333 1341 378 atque
1376 328 1485 368 dicti
1514 330 1743 379 generalis
1779 331 1955 370 concilii
1989 342 2079 371 non

306 399 536 439 modicum
574 399 919 439 detrimentum.
965 399 1051 438 nisi
1100 411 1238 449 super
1271 399 1368 438 ‘hoc
1415 400 1469 439 de
1510 401 1712 441 remedio
1758 401 2083 451 provideretur

305 472 549 520 oportuno.
616 470 708 509 Nos
753 469 893 517 igitur
935 469 1251 510 attendentes.
1295 470 1415 520 quod
1457 482 1597 511 onera,
1641 472 1684 511 in
1730 474 1888 521 partes
1932 472 2081 511 divisa

304 540 484 581 facilius
520 543 858 591 supportantur
891 543 951 580 et.
988 552 1180 591 quorum
1218 552 1462 581 commune
1497 543 1738 591 negocium
1765 542 1932 592 agitur.
1964 554 2080 582 onus

304 612 520 652 continue
554 623 660 651 esse
695 611 832 651 debet
866 612 1018 662 sitque
1052 614 1378 663 opportunum.
1413 613 1533 663 quod
1558 614 1685 653 iuxta
1712 614 1839 664 regni
1866 617 1909 653 et
1936 614 2080 664 ipsius

302 682 498 722 ecclesie
539 682 936 733 magnificenciam
979 684 1087 723 dicti
1131 685 1282 724 nuncii
1335 685 1375 724 in
1426 685 1587 724 eodem
1635 685 1837 734 generali
1886 685 2079 725 concilio

303 754 547 794 constituti
583 758 798 804 sumptus
832 755 1006 795 faciant
1055 758 1099 795 et
1141 767 1388 805 expensas.
1435 756 1652 807 quamdiu
1699 756 1786 796 illic
1835 757 2078 797 constituti

301 824 486 866 suerint.
522 829 858 876 competentes.
895 827 1103 877 prefatas
1129 826 1471 876 appellaciones
1500 831 1545 867 et
1573 828 1731 867 literas
1757 839 1836 867 seu
1864 828 2079 868 commis-

302 896 459 936 siones
495 897 696 947 desuper
730 910 752 937 a
789 899 922 938 nobis
958 901 1000 938 et
1038 898 1161 938 curia
1200 903 1363 938 nostra
1406 911 1427 938 a
1477 898 1844 949 quibuscumque
1890 899 2080 948 prelatis

301 966 561 1008 huiusmodi
597 970 675 1009 aut
711 969 812 1009 aliis
848 970 1213 1020 quibuscumque
1239 970 1450 1021 personis
1476 970 1723 1010 occasione
1748 969 1857 1010 dicti
1887 969 2077 1010 subsidii

301 1040 343 1078 et
381 1042 544 1080 cont-ra
582 1051 899 1091 quoscumque
933 1041 1162 1081 hactenus
1196 1042 1490 1091 impetratas.
1531 1073 1538 1079 .
1576 1074 1582 1080 .
1620 1073 1627 1079 .
1663 1053 1780 1091 quos
1814 1041 1884 1081 hic
1920 1040 2077 1081 haberi

302 1111 515 1151 volumus
550 1124 631 1161 pro
667 1112 952 1152 sufficienter
992 1113 1244 1162 expressis.
1291 1113 1437 1152 eciam
1484 1113 1519 1151 si
1564 1112 1770 1163 ipsarum
1815 1112 2075 1152 litterarum

301 1193 380 1221 seu
418 1183 801 1224 commissionum
838 1184 1085 1224 occasione
1127 1184 1183 1224 ad
1225 1186 1360 1224 act-us
1402 1183 1581 1234 aliquos
1623 1184 1787 1234 quovis
1833 1183 1970 1224 modo
2018 1183 2078 1222 sit

300 1265 588 1303 processum.
623 1266 677 1294 ex
704 1257 831 1295 certa
867 1257 1028 1295 nostra
1067 1255 1265 1296 sciencia
1300 1256 1586 1297 auctoritate
1621 1255 1881 1306 apostolica
1916 1256 2077 1294 tenore

300 1325 589 1375 presencium
640 1336 934 1366 revocamus
985 1338 1232 1367 cassamus
1279 1330 1322 1368 et
1371 1328 1611 1368 irritamus
1658 1338 1711 1367 ac
1757 1326 1925 1366 nullius
1971 1336 2076 1366 esse

299 1396 512 1436 volumus
548 1396 727 1437 roboris
765 1397 831 1436 vel
869 1399 1106 1440 momenti.
1146 1401 1189 1438 et
1226 1399 1551 1439 nichilominus
1597 1398 1752 1439 omnia.
1797 1400 1847 1438 et
1894 1396 2073 1447 singula

298 1467 340 1506 in
377 1468 618 1517 premissis
654 1471 701 1507 et·
736 1469 855 1509 circa
893 1481 943 1509 ea
982 1469 1202 1511 Parisius.
1229 1473 1281 1510 ut
1305 1470 1607 1521 premittitur,
1632 1469 1791 1510 habita
1816 1469 1914 1509 sive
1938 1470 2073 1519 gesta

299 1542 400 1579 rata
436 1539 663 1580 habentes
698 1545 741 1580 et
768 1543 901 1590 gra-ta
928 1554 983 1581 ea.
1007 1541 1263 1581 autoritate
1288 1541 1469 1592 prefata
1505 1547 1550 1581 et
1586 1553 1642 1581 ex
1677 1542 1842 1581 nostra
1873 1539 2073 1580 sciencia

298 1609 630 1651 confirmamus
679 1614 727 1651 et
775 1613 1007 1662 presentis
1055 1613 1214 1663 scripti
1265 1614 1521 1663 patrocinio
1569 1613 1924 1661 communimUS.
1973 1645 1979 1652 .

296 1682 417 1731 quod
450 1683 693 1732 premissis
728 1686 776 1723 et
809 1684 911 1724 aliis
947 1685 1194 1724 contrariis
1239 1696 1529 1735 nequaquam
1575 1684 1874 1725 obstantibus
1921 1683 2073 1724 dilecti

297 1752 388 1802 filii.
422 1753 707 1794 universitas
743 1755 881 1795 studii
910 1755 1186 1795 Parisiensis
1223 1768 1274 1796 ac
1302 1756 1464 1806 prelati
1500 1756 1608 1795 dicti
1635 1756 1776 1806 regni.
1811 1755 1884 1806 qui
1910 1755 2072 1805 prelati

296 1824 606 1873 personaliter
639 1825 682 1865 in
719 1825 843 1866 dicto
878 1826 1071 1867 concilio
1104 1831 1480 1877 comparuerunt.
1515 1838 1693 1867 necnon
1729 1826 1931 1877 capitula
1967 1837 2074 1866 con-

295 1898 464 1935 ventus
499 1896 802 1936 ecclesiarum
844 1900 887 1937 et
931 1898 1339 1938 monasteriorum.
1387 1899 1459 1949 qui
1512 1910 1648 1938 unum
1697 1898 1767 1938 vel
1814 1897 1970 1948 plures
2019 1896 2073 1937 de

294 1967 390 2007 suis
426 1968 755 2008 concanonicis
790 1980 872 2008 seu
908 1969 1148 2009 monachis
1184 1972 1261 2010 aut
1301 1969 1645 2019 professoribus
1680 1969 1737 2010 ad
1772 1969 1920 2019 ipsum
1966 1979 2073 2008 con-

294 2037 444 2078 cilium
488 2023 753 2089 sumptibus
792 2039 990 2089 propriis
1037 2041 1417 2083 transmiserunt.
1465 2040 1520 2080 ab
1568 2040 1830 2080 huiusmodi
1880 2050 2071 2080 onerum

292 2109 595 2159 imposicione
629 2122 682 2150 ac
719 2110 956 2150 solucione
990 2112 1035 2150 et
1063 2111 1429 2161 dependentibus
1465 2111 1521 2151 ab
1556 2111 1731 2151 eisdem
1768 2111 1859 2150 sint
1896 2113 1941 2150 et
1966 2121 2072 2150 esse

291 2180 612 2230 intelligantur
656 2180 785 2220 liberi
832 2181 1046 2231 protinus
1095 2185 1138 2221 et
1195 2182 1424 2222 immunes
1470 2215 1476 2222 .
1521 2215 1527 2222 .
1571 2214 1577 2221 .
1633 2182 1805 2222 Datum
1861 2180 2071 2231 Friburgi

292 2251 675 2292 t‘onstanciensis
711 2251 910 2291 diocesis
945 2256 1112 2302 quarto
1147 2253 1249 2293 idus
1284 2254 1388 2294 Maii
1430 2253 1731 2304 pontificatus
1766 2252 1914 2292 nostri
1950 2263 2070 2291 anno

290 2322 463 2373 quinto.

410 2392 551 2433 Simili
587 2394 724 2433 modo
760 2394 941 2434 dilectis
976 2394 1079 2435 filiis
1121 2395 1276 2436 abbati
1319 2396 1589 2436 monasterii
1633 2397 1795 2435 sancte
1837 2393 2069 2434 Genovete

290 2464 569 2504 Parisiensis
606 2468 653 2505 et.
685 2464 885 2506 ‘Iohanni
923 2464 1083 2506 Basire
1118 2467 1341 2506 canonico
1377 2466 1745 2516 Rothomagensi
1788 2478 1839 2505 ac
1883 2463 2067 2505 officiali

290 2534 540 2575 Parisiensi
596 2536 796 2576 salutem
852 2540 939 2576 etc.
1027 2536 1179 2588 Nuper
1233 2537 1459 2587 quasdam
1517 2537 1698 2577 litteras
1747 2569 1753 2576 .
1799 2568 1804 2575 .
1848 2568 1854 2575 .
1896 2535 2066 2576 Datum

293 2605 500 2656 Fribm‘ei
538 2639 544 2646 .
583 2639 589 2646 .
627 2639 633 2646 .
670 2607 815 2647 tercio
849 2606 951 2647 idus
986 2607 1090 2648 Maii
1126 2619 1246 2648 anno
1282 2608 1455 2658 quinto.

1368 2690 1647 2731 Franciscus
1682 2690 1736 2730 de
1771 2689 1945 2739 Agello.

288 2840 407 2888 (122)
441 2839 716 2882 Rei-nardus
767 2842 888 2883 ΘΗΜ·
934 2856 995 2883 (w
1052 2842 1106 2883 K.
1158 2843 1434 2884 ferdinand
1480 2856 1563 2883 ‘roste
1615 2842 1830 2895 Arcteqon:
1882 2841 2066 2883 Rericht

439 2911 546 2952 iiber
577 2911 744 2953 Huc-m
774 2913 990 2954 ‚solvamus
1023 2913 1202 2955 XXIII.
1237 2915 1340 2955 med
1375 2914 1482 2955 iiber
1518 2915 1606 2954 das
1648 2913 1884 2954 Vei-halim
1921 2910 2065 2965 Se‘gyis-

438 2984 607 3023 tumul-s·
642 2985 699 3023 im
741 2983 903 3034 Kricglc
936 2997 1075 3035 [seyme
1114 2984 1351 3026 Primo-ich
1392 2998 1470 3026 ron
1510 2977 1773 3025 osterreicle.
1829 2982 2064 3024 Jx'onsfanz

437 3055 548 3093 1415
582 3053 684 3094 Mal
724 3057 783 3094 15.
820 3077 875 3080 —
915 3054 1093 3096 lim-iem
1135 3055 1214 3095 (les-
1252 3055 1405 3097 Johcm
1451 3056 1505 3096 (Ie
1544 3054 1797 3096 leibesaltes
1838 3053 1948 3094 *iiber
1989 3054 2062 3093 (lie
