2178 3404
249 153 338 195 584
608 164 668 196 111.
697 163 916 196 Abscimitt.
968 162 1162 196 Benedikt
1189 162 1288 196 XIII.
1317 163 1396 196 und
1423 163 1493 197 aas
1520 164 1671 198 Konzn.

368 272 647 313 Beatissimo
702 274 848 322 pater.
928 271 1165 312 Premissa
1218 273 1377 312 vestre
1432 273 1704 313 sanctitatis
1758 277 2027 317 reverencia

248 344 405 383 humili
441 345 481 383 et
522 342 693 382 devota
728 344 775 382 et
816 341 1154 383 submittentes
1190 343 1440 393 sequencia
1484 344 1761 385 correctioni
1796 347 1843 385 et
1876 346 2026 387 deler—

248 414 495 454 minacioni
544 414 707 453 sancte
754 412 922 453 matris
968 413 1163 453 ecclesie
1210 425 1290 463 per
1335 413 1534 454 devotos
1578 417 1766 456 vestros
1811 415 2024 457 Oai-olum

248 485 401 525 sancti
425 483 611 534 Georgii
636 483 693 523 ad
718 482 885 523 vellum
911 495 1117 535 aureum,
1142 483 1389 523 Alfonsum
1415 484 1566 524 sancti
1592 484 1814 538 Eustacii,
1839 486 2025 528 Petrum

248 555 399 595 sancti
434 554 597 605 Angeli
641 555 804 594 sancte
840 553 1047 594 Romane
1090 554 1284 595 ecclesie
1320 554 1596 606 cardinales,
1639 555 1829 596 Petrum
1864 557 2027 599 Terra-

248 637 496 666 conensem
532 628 580 665 et
614 625 915 667 Franciscum
942 624 1405 675 (¹esaraugustanum
1443 625 1834 679 archiepiscopos,
1870 627 2027 669 Alfon-

248 708 348 736 sum
401 696 690 737 Palentinum
747 697 1031 747 episcopum,
1087 696 1276 736 Petrum
1326 695 1546 737 Comollis
1597 697 1932 739 subdiaconum
1982 701 2029 740 et

248 766 549 808 Franciscum
593 768 647 807 de
682 767 885 819 Aranda,
921 767 1145 808 donatum
1190 767 1356 807 domus
1391 767 1619 808 Porteceli
1654 769 1828 809 ordinis
1863 768 2028 811 Cartu-

248 837 416 877 siensis
463 838 668 878 eiusdem
717 838 989 879 sanctitatis
1036 837 1236 878 devotos
1279 843 1326 878 et
1373 838 1591 889 antiquos
1638 838 1895 881 familiares
1941 840 2029 881 suit

246 908 498 958 geminatis
532 908 711 950 vicibus
746 911 794 950 et
836 921 939 950 cum
983 909 1159 959 ingenti
1194 921 1247 949 ac
1292 908 1568 950 continuata
1610 909 1844 951 instancia
1880 911 2027 952 eciam

248 990 351 1020 cum
402 980 575 1020 amaris
624 980 811 1021 fletibus
861 981 907 1020 et
954 979 1207 1020 multarum
1256 979 1555 1020 lacrimarum
1606 980 1832 1022 effusione
1880 982 2027 1022 eidem

248 1050 493 1091 sanctitati
548 1051 859 1102 supplicatum
915 1052 1055 1101 atque
1111 1050 1391 1102 consultum,
1446 1051 1568 1101 quod
1617 1064 1699 1102 pro
1749 1053 2029 1094 execucione

247 1122 618 1163 renunciacionis
661 1124 863 1173 papatus
906 1133 987 1172 per
1021 1121 1194 1162 dictam
1239 1121 1546 1162 sanctitatem
1588 1122 1753 1173 iurate,
1794 1123 1949 1164 oblate
1983 1127 2027 1165 et

247 1192 368 1233 bona
392 1192 479 1233 fide
504 1193 734 1243 promisse
759 1204 841 1243 pro
876 1193 1043 1233 unione
1079 1192 1273 1233 ecclesie
1309 1192 1560 1233 obtinenda
1585 1193 1801 1244 dignetur
1834 1195 2028 1235 nuncios

247 1265 295 1304 ct
319 1265 653 1314 procuratores
683 1264 949 1314 solempnes
979 1264 1140 1304 statim
1169 1263 1502 1304 Constanciam
1537 1264 1725 1305 mittere
1761 1277 1865 1305 cum
1900 1267 2029 1316 pote-

248 1336 375 1375 state
411 1334 661 1375 sufficienti
694 1334 968 1375 habilitandi
1003 1337 1050 1375 et
1089 1334 1391 1375 renunciandi
1424 1335 1617 1385 papatui
1652 1347 1755 1375 cum
1788 1337 2029 1386 potestate

247 1406 392 1447 eciam
442 1406 746 1447 cardinalium
790 1406 844 1446 de
890 1406 1177 1447 auctoritate
1220 1407 1267 1446 et
1312 1405 1503 1447 licencia
1549 1407 1709 1446 vestre
1756 1407 2030 1447 sanctitatis

247 1477 443 1528 eligendi
468 1489 699 1518 summum
726 1477 1006 1528 pontificem,
1030 1479 1095 1528 ut,
1120 1477 1158 1517 si
1183 1488 1263 1527 per
1287 1476 1494 1527 praticas
1520 1488 1601 1527 per
1620 1478 1830 1518 vestram
1856 1477 2029 1518 sancti-

248 1551 395 1590 tatem
444 1548 629 1589 oblatas
676 1548 786 1589 dicti
836 1550 1167 1598 procuratores
1214 1549 1261 1588 et
1309 1547 1462 1589 nuncii
1509 1560 1613 1589 cum
1661 1548 2028 1599 congregacione

248 1620 531 1661 Constancie
556 1620 842 1661 concordare
876 1631 967 1660 non
992 1621 1189 1670 possent
1223 1621 1271 1660 et
1293 1619 1354 1659 illi
1379 1619 1434 1660 de
1458 1619 1621 1660 eadem
1647 1619 2029 1671 congregacione,

249 1691 565 1742 cuiuscunque
610 1690 782 1731 fuerint
827 1690 899 1731 vel
946 1691 1040 1730 sint
1083 1689 1361 1741 obediencie,
1407 1690 1451 1730 in
1495 1702 1633 1731 unam
1680 1677 1931 1742 personam
1975 1691 2030 1731 de

244 1763 411 1802 vestra
446 1763 527 1802 aut
561 1761 650 1802 alia
685 1761 954 1803 obediencia
998 1761 1337 1803 concordarent
1380 1762 1427 1801 et
1461 1773 1564 1802 eam
1598 1762 1642 1801 in
1686 1774 1855 1813 papam
1895 1761 2030 1813 elige-

248 1835 365 1884 rent,
415 1832 585 1883 prefati
630 1833 784 1874 nuncii
830 1835 877 1873 et
921 1834 1254 1884 procuratores
1303 1833 1451 1874 vestri
1501 1834 1548 1872 et
1597 1833 1828 1873 dictorum
1881 1833 2028 1873 cardi-

247 1904 418 1945 nalium
463 1904 704 1955 premissis
747 1904 1153 1945 habilitacionibus
1200 1904 1481 1946 necessariis
1528 1906 1576 1944 et
1623 1906 1822 1955 sequuta
1869 1906 2029 1945 vestra

249 1975 604 2016 renunciacione
638 1975 833 2016 eandem
862 1987 1110 2026 personam
1138 1975 1376 2027 eligerent,
1410 1975 1454 2015 in
1480 1987 1568 2026 qua
1597 1975 1779 2026 quidem
1814 1986 2028 2026 persona,

249 2046 370 2086 sicut
406 2045 461 2086 ab
496 2048 693 2096 utraque
734 2048 867 2097 parte
911 2046 1187 2087 electionem
1224 2046 1381 2087 vident
1414 2047 1572 2096 utique
1607 2046 1811 2086 universi
1846 2046 2028 2086 christi—

249 2117 423 2168 fideles,
460 2117 581 2167 quod
616 2117 752 2168 clare,
794 2117 1000 2157 breviter
1034 2119 1081 2157 et
1115 2129 1277 2158 secure
1311 2117 1392 2158 Dei
1428 2117 1626 2158 ecclesia
1660 2117 1882 2158 uniretur.
1948 2117 2029 2157 Set

248 2188 411 2228 eadem
457 2189 689 2229 sanctitas
725 2188 782 2228 ad
826 2188 1057 2238 premissa
1090 2190 1138 2228 et
1180 2188 1367 2229 diversa
1403 2188 1491 2229 alia
1534 2188 1730 2229 ecclesie
1764 2188 1921 2228 unioni
1955 2200 2029 2228 ac-

249 2259 445 2300 comoda
469 2271 550 2310 per
573 2259 810 2310 predictos
846 2258 1106 2300 cardinales
1131 2261 1179 2299 et
1213 2259 1329 2300 alios
1355 2259 1616 2310 supplicata
1640 2260 1779 2309 atque
1814 2259 2029 2300 consulta

248 2330 435 2371 minime
485 2330 863 2371 condescendens
913 2331 1015 2381 ipsa
1064 2331 1310 2381 acceptare
1360 2332 1405 2371 et
1452 2331 1496 2370 in
1547 2330 1827 2371 execucione
1874 2329 2029 2371 debita

248 2413 419 2451 ponere
454 2401 704 2442 recusavit.
769 2402 896 2442 Unde
931 2401 1207 2453 cardinales,
1253 2402 1418 2452 prelati
1452 2403 1500 2441 et
1533 2401 1607 2441 alii
1641 2401 1896 2452 supradicti
1931 2400 2028 2441 zelo

248 2472 330 2512 Dei
366 2473 647 2524 compuncti,
683 2473 1052 2523 considerantes,
1088 2472 1209 2523 quod
1234 2484 1289 2512 ex
1324 2474 1521 2513 actenus
1545 2473 1695 2523 gestis
1720 2484 1800 2522 per
1833 2472 2027 2512 eandem

249 2543 554 2583 sanctitatem
590 2544 713 2584 circa
738 2544 997 2594 predictum
1021 2544 1265 2594 negocium
1290 2544 1474 2583 unionis
1505 2543 1701 2584 ecclesie
1736 2543 1857 2593 apud
1880 2542 2028 2584 bonos

249 2615 295 2654 et
327 2625 499 2664 graves
542 2626 650 2665 ymo
684 2614 781 2655 fere
824 2615 1106 2666 generaliter
1148 2614 1269 2665 apud
1312 2626 1474 2655 omnes
1518 2613 1843 2655 christifideles
1886 2625 2027 2664 grave

250 2686 414 2725 contra
457 2684 649 2725 eandem
695 2686 1000 2726 sanctitatem
1036 2686 1079 2725 in
1114 2686 1195 2726 Dei
1229 2685 1428 2726 ecclesia
1469 2686 1724 2736 generatur
1757 2684 2027 2726 scandalum

188 2803 195 2805 -
249 2756 296 2795 et
330 2755 385 2795 de
419 2754 625 2796 fautoria
658 2756 907 2797 inveterati
943 2757 1184 2797 scismatis
1219 2758 1266 2796 et
1308 2756 1581 2797 turbacione
1615 2755 1810 2796 ecclesie
1843 2755 2026 2795 unionis

250 2827 416 2866 contra
439 2838 689 2877 personam
713 2828 921 2867 vestram
948 2827 1107 2877 gravis
1141 2827 1342 2877 insurgit
1375 2826 1580 2877 infamia,
1615 2826 1867 2866 vehemens
1890 2836 2026 2875 gene—

249 2898 381 2937 ratur
405 2897 609 2947 suspicio
633 2898 682 2937 et
704 2898 831 2938 salus
857 2900 997 2949 atque
1022 2899 1179 2938 status
1200 2897 1491 2948 periclItatur
1514 2896 1793 2938 universalis
1818 2895 2027 2945 ecclesie,

251 2979 332 3017 pro
370 2969 504 3008 tanto
548 2979 628 3018 per
662 2979 803 3019 supra
846 2969 1085 3018 proximos
1129 2968 1404 3019 cardinales,
1448 2968 1655 3018 prelatos
1699 2970 1746 3007 et
1789 2967 1906 3007 alios
1940 2966 2027 3006 fuit

251 3039 397 3080 eidem
423 3039 667 3081 sanctitati
697 3039 843 3079 eciam
878 3039 1113 3081 instanter
1146 3038 1456 3089 supplicatum
1482 3040 1529 3082 et
1563 3038 1842 3089 consultum,
1876 3038 2023 3088 ipsam.
