2178 3404
223 167 308 209 570
582 179 643 211 lll.
671 179 888 212 Abschnitt.
940 179 1132 213 Benedikt
1159 179 1258 214 XIII.
1287 181 1364 214 und
1392 181 1461 215 das
1489 182 1638 216 Konzil.

225 298 250 326 a
296 287 447 337 capite
493 287 699 327 membra
750 284 1046 338 discedere.1)
1109 288 1156 328 In
1202 292 1426 339 quantum
1473 291 1620 331 eciam
1671 292 1996 343 subiungebat,

225 357 345 406 quod
410 357 651 407 presencia
713 360 878 398 nostra
932 361 1034 399 erat
1087 359 1221 399 valde
1286 361 1554 401 necessaria
1608 364 1655 402 et
1708 363 1854 413 utilis,
1918 376 1999 414 per

224 427 367 467 verba
422 439 456 467 s.
512 427 711 477 &priam
772 429 1117 481 respondimus,
1182 431 1302 480 quod
1356 432 1473 471 rami
1527 432 1665 473 fracti
1719 433 1776 474 ab
1831 433 1997 474 arbore

225 497 405 537 fructus
453 499 716 547 germinare
762 511 852 539 non
900 502 1099 549 possunt
1144 503 1190 541 et
1236 513 1262 541 a
1307 500 1436 541 fonte
1485 502 1570 542 rivi
1619 504 1785 553 precisi
1833 505 1995 544 statim

225 570 445 608 arescunt
493 570 537 609 et
589 569 668 620 sic,
715 570 837 619 quod
884 570 1167 611 fructificare
1215 572 1313 612 sine
1363 572 1549 614 domino
1597 576 1762 614 nostro
1812 575 1998 615 minime

224 637 510 689 valebamus,
561 640 659 680 sine
709 641 838 681 cuius
889 642 1173 683 auctoritate
1222 643 1477 683 secundum
1526 644 1810 684 Bernardum
1862 645 1996 686 nichil

224 708 378 749 facere
425 712 711 759 poteramus.
776 711 835 751 Et
879 713 1116 762 predictus
1163 713 1203 754 d.
1250 725 1330 753 rex
1374 716 1539 754 nostra
1585 716 1903 767 responsione,
1950 718 1999 756 ut

226 780 454 831 apparuit,
497 792 588 821 non
633 784 899 834 contentus,
944 783 1111 824 iterum
1156 796 1241 825 nos
1285 785 1329 824 in
1372 784 1617 825 Paniscola
1659 786 1828 837 requiri
1871 798 1999 827 man-

225 850 355 890 davit
394 851 566 903 dicens,
610 852 729 902 quod
773 853 923 903 capud
964 855 1177 895 nostrum
1215 855 1418 895 omnium
1462 856 1721 897 essenciale
1755 858 1801 897 et
1836 857 1999 907 princi-

187 961 191 963 .
224 921 326 971 pale
369 923 443 962 est
476 922 705 975 Christus,
749 955 757 963 .
794 956 801 963 .
838 955 844 963 .
880 926 928 965 et
960 925 1020 964 illi
1061 927 1113 965 ut
1155 925 1417 966 indubitato
1463 927 1602 977 capiti
1645 927 1815 967 debent
1857 939 1999 968 mem—

225 992 308 1032 bra
356 992 578 1033 accedere
627 996 674 1034 et
723 995 853 1046 uniri,
904 1007 1194 1047 quocumque
1244 996 1332 1037 alio
1382 997 1660 1047 impediente
1710 997 1866 1039 oblito.
1944 998 1997 1038 Et

225 1065 334 1113 post
377 1063 462 1104 hec
508 1066 556 1104 et
602 1065 691 1105 alia
741 1066 1060 1117 concludebat,
1109 1067 1230 1116 quod
1279 1079 1370 1107 non
1417 1067 1716 1109 obstantibus
1765 1069 1999 1119 responsi-

226 1134 390 1175 onibus
436 1135 612 1175 nostris
658 1148 845 1176 eramus
893 1137 950 1177 ad
997 1138 1320 1187 complendum
1367 1138 1456 1189 illa,
1507 1151 1594 1189 que
1644 1139 2002 1179 continebantur

225 1204 269 1244 in
309 1204 406 1244 suis
450 1205 849 1257 requisicionilms,
893 1207 1097 1258 obligati.
1164 1209 1232 1248 Ad
1267 1221 1353 1259 que
1396 1209 1736 1261 respimdimus,
1779 1210 1913 1261 quod,
1956 1210 2001 1250 in

227 1277 451 1325 quantum
506 1277 549 1316 in
604 1289 689 1317 sua
752 1279 1060 1329 requisicione
1115 1279 1369 1331 dicebatur,
1434 1281 1555 1330 quod
1610 1280 1823 1321 Christus
1876 1281 2000 1321 Deus

227 1346 521 1396 omnipotens
568 1348 716 1398 capud
761 1351 975 1390 nostrum
1024 1382 1031 1390 .
1068 1383 1075 1390 .
1112 1382 1119 1390 .
1166 1353 1240 1391 est
1286 1363 1366 1401 per
1412 1351 1538 1401 prius
1585 1383 1592 1391 .
1629 1383 1636 1391 .
1673 1383 1680 1392 .
1728 1351 2000 1402 diligendus,

227 1416 353 1456 istud
376 1428 463 1457 nos
488 1418 760 1469 simpliciter
784 1420 972 1461 credere
1005 1423 1052 1461 et
1076 1422 1308 1462 veraciter
1333 1421 1562 1471 confiteri3
1597 1424 1644 1462 et
1669 1422 1726 1462 ad
1749 1423 2000 1463 veritatem

226 1489 388 1528 nostre
442 1490 763 1539 responsionis
819 1492 1063 1542 appercius
1121 1492 1451 1533 declarandam
1506 1493 1817 1544 premisimus,
1880 1493 2001 1543 quod

226 1558 439 1599 (hristus
473 1559 598 1600 Deus
633 1562 928 1612 omnipotens
952 1563 1342 1613 gubernacionem
1377 1563 1571 1603 ecclesie
1605 1563 1672 1604 ita
1707 1564 1764 1604 ad
1797 1563 2001 1604 omnium

225 1630 548 1679 apostolorum
598 1631 800 1673 officium
852 1634 1083 1684 pertinere
1133 1634 1294 1685 voluit,
1344 1636 1395 1674 ut
1443 1634 1487 1674 in
1537 1634 1812 1675 beatissimo
1864 1634 2001 1674 Petro

226 1702 546 1751 apostolorum
593 1703 796 1743 omnium
843 1716 1025 1744 summo
1070 1704 1385 1755 principaliter
1429 1704 1681 1745 collocaret
1723 1706 1770 1745 et
1811 1704 1866 1745 ab
1901 1705 2002 1755 ipso

228 1772 360 1822 quasi
396 1773 595 1822 quodam
632 1774 784 1824 capite
819 1774 940 1814 dona
976 1787 1060 1815 sua
1097 1776 1224 1816 velut
1257 1776 1299 1815 in
1336 1787 1471 1816 omne
1507 1788 1676 1826 corpus
1710 1775 2002 1825 diffunderet,

228 1845 278 1882 ut
312 1845 520 1883 exortem
559 1856 608 1884 se
652 1845 847 1885 misterii
891 1846 1173 1896 intelligeret
1207 1858 1313 1887 esse
1347 1847 1501 1897 divini,
1548 1847 1621 1897 qui
1658 1858 1801 1887 ausus
1834 1845 2004 1886 fuisset

227 1926 253 1953 a
280 1914 399 1954 l'etri
425 1915 680 1956 solliditate
703 1917 933 1957 recedere.
985 1917 1083 1967 lpse
1106 1918 1226 1957 enim
1252 1919 1327 1958 est
1351 1918 1499 1967 capud
1524 1918 1677 1958 tocius
1701 1917 1910 1968 ecclesie,
1936 1948 1943 1956 .
1965 1948 1972 1956 .
1994 1949 2002 1957 .

228 1985 358 2024 cuius
394 2016 401 2024 .
438 2016 445 2024 .
482 2017 489 2025 .
527 1985 778 2036 legitimum
816 1999 1142 2029 successorem
1172 1988 1476 2029 credebamus
1511 2000 1616 2028 esse
1651 1987 2002 2028 sanctissimum

228 2054 267 2093 d.
293 2066 335 2095 n.
362 2055 678 2107 Benedictum,
714 2069 845 2107 quem
875 2070 1032 2098 verum
1062 2059 1233 2098 Flu-isti
1258 2059 1483 2099 vicarium
1518 2059 1616 2098 eius
1642 2058 1767 2099 vices
1796 2058 1840 2097 in
1867 2058 2003 2098 terris

226 2128 466 2175 gerentem
521 2128 761 2177 tamquam
813 2129 961 2178 capud
1015 2129 1232 2178 generale
1286 2129 1489 2169 omnium
1545 2129 1905 2169 christianorum
1957 2130 2004 2168 et

228 2197 474 2246 specialius
511 2198 658 2247 capud
691 2200 906 2238 nostrum
944 2200 1154 2240 unionem
1190 2199 1385 2240 ecclesie
1421 2211 1523 2240 cum
1558 2199 1717 2240 inultis
1753 2199 2003 2249 laboribus,

229 2268 442 2318 periculis
486 2270 533 2308 et
575 2269 793 2319 expensis
837 2282 917 2319 per
960 2271 1061 2310 vias
1105 2270 1414 2310 racionabiles
1458 2272 1505 2310 et
1547 2270 1765 2311 iuridicas
1809 2272 2003 2310 actenus

228 2342 584 2389 prosequentffln
609 2341 656 2380 et
679 2341 896 2391 prosequi
918 2340 1104 2381 Flu-islo
1124 2341 1328 2392 propicio
1354 2341 1668 2381 intendentem
1696 2341 2005 2391 sequebamur

228 2412 275 2450 et
309 2411 437 2460 sequi
465 2411 737 2451 volebamus
771 2424 855 2453 nec
884 2412 1240 2453 intendebamus
1276 2412 1587 2463 quorumlibet
1622 2412 2003 2463 persuasionibus

228 2482 284 2520 ab
320 2481 418 2521 eius
458 2493 543 2522 nos
589 2482 856 2523 obediencia
892 2495 1127 2534 separare,
1173 2484 1504 2524 concludentes
1547 2486 1656 2534 post
1689 2483 1835 2523 multa
1870 2494 2003 2523 sacre

228 2552 458 2601 scripture
483 2554 530 2592 et
565 2554 834 2593 sanctorum
863 2556 1047 2603 patrum
1073 2554 1275 2606 decreta,
1311 2555 1432 2605 quod
1457 2554 1692 2605 sequendo
1726 2566 1891 2604 papam
1918 2565 2003 2593 nos

229 2622 357 2672 sequi
384 2622 617 2663 Christum
645 2623 1007 2665 confidebamus
1053 2627 1178 2675 Quas
1203 2628 1395 2665 nostras
1420 2625 1765 2675 responsiones,
1790 2625 2003 2675 princeps

229 2693 532 2745 inclitissime,
578 2705 664 2744 que
707 2696 817 2734 sunt
858 2698 1127 2736 nostrarum
1172 2697 1401 2737 mencium
1438 2697 1730 2746 argumenta,
1771 2695 1808 2734 si
1844 2696 2004 2735 vestra

201 2802 206 2803 ⁷
230 2763 494 2804 sublimitas
520 2765 860 2817 conspexisset,
885 2766 1067 2807 litteras
1088 2767 1448 2807 convocacionis
1469 2765 1850 2806 Csmstanciensis
1869 2765 2003 2806 nobis

229 2836 490 2885 presentari
515 2836 672 2876 iubere
706 2837 989 2887 superfluum
1016 2837 1214 2878 forsitan
1248 2838 1518 2878 iudicasset.
1568 2837 1683 2877 Nam
1720 2837 1756 2877 si
1790 2838 1900 2876 tunc
1935 2848 2003 2886 ea,

231 2917 317 2955 que
349 2906 483 2946 nobis
524 2906 645 2946 iuste
680 2907 958 2948 videbantur
1000 2908 1262 2959 inhonesta,
1303 2908 1592 2959 negavimus,
1636 2920 1724 2958 quo
1759 2908 1871 2958 iure,
1915 2919 2004 2957 qua

233 2976 344 3026 lege,
379 2989 468 3026 qua
494 2976 660 3027 fronte,
696 2990 784 3028 qua
819 2979 1098 3019 verecundia
1123 2979 1212 3029 illa,
1247 2990 1332 3028 que
1361 2979 1415 3019 de
1451 2990 1500 3019 se
1526 2980 1690 3033 patent
1723 2977 2003 3022 inhonestis-

354 3078 377 3122 1)
406 3079 517 3115 Niclzt
541 3090 588 3113 zu
611 3080 756 3123 fimlcwv,
