2178 3404
320 173 406 216 320
717 185 757 218 11.
786 184 1005 218 Abschnitt.
1057 185 1207 229 Gregor
1233 185 1314 219 XII.
1342 184 1420 219 und
1449 186 1520 219 das
1547 184 1694 220 Konzil.

319 300 363 333 et
391 293 703 333 consiliarium
728 296 941 333 nostrum
963 293 1200 345 devotum,
1219 293 1414 345 fidelem,
1434 295 1666 341 dilectum,
1684 308 1829 347 nuper
1852 297 1906 337 de
1926 299 2087 338 vestra

321 365 561 414 presencia
594 364 652 404 ad
685 375 771 404 nos
806 366 1138 414 revertentem,
1174 367 1553 415 presentatarum
1588 367 1643 407 de
1679 368 1820 408 variis
1845 368 2087 408 admiraci-

319 436 483 476 onibus
518 438 561 475 et
599 435 882 485 stuporibus7
919 446 1034 485 quos
1076 436 1331 476 causamini
1374 437 1417 476 in
1464 448 1656 487 gravem
1700 438 1836 478 nimis
1879 441 2085 478 vestram

318 506 545 546 offensam
590 505 863 556 redundare,
906 506 1053 546 eciam
1100 507 1142 546 in
1190 519 1373 547 summa
1420 508 1551 558 quasi
1601 508 1840 549 videamur
1886 509 2016 559 argui
2063 521 2088 550 a

320 578 518 617 veritate
552 580 599 617 et
642 577 850 627 vestigiis
894 578 1102 627 paternis
1146 579 1442 619 exorbitasse
1489 591 1592 619 cum
1639 580 1788 620 modis
1831 582 1879 620 et
1924 579 2087 620 formis

318 647 609 688 modificandi
645 648 1037 689 convocacionem
1073 649 1251 689 concilii
1285 650 1514 699 generalis
1549 650 1891 700 quodammodo
1916 651 2087 700 impos—

316 718 523 759 sibilibus
548 722 591 759 et
628 719 993 760 necessitatibus
1028 720 1222 760 ecclesie
1246 720 1412 761 diffuse
1448 721 1733 770 perniciosis,
1769 724 2085 762 commentata

315 791 433 831 satis
459 790 754 841 dispendiose
779 788 1099 842 describenssq)
1123 803 1259 841 quam
1293 794 1450 832 tamen
1474 792 1725 832 multorum
1752 792 2084 832 catholicorum

317 873 472 911 regum
517 864 564 901 et
609 861 863 912 principum
916 874 967 902 ac
1016 862 1301 912 prelatorum
1353 864 1399 902 et
1445 863 1689 903 doctorum
1735 864 2087 913 ceterorumque

317 933 517 972 virorum
556 932 855 982 probatorum
893 935 1080 974 matura
1113 933 1357 983 explorata
1391 934 1578 983 decisio⁷
1622 936 1673 974 ut
1715 933 1909 974 firmiter
1943 934 2086 974 credi-

313 1014 431 1045 mus.
465 1004 624 1053 gracia
659 1004 922 1054 pneumatis
958 1004 1063 1044 almi
1090 1004 1459 1054 dogmatizativa
1490 1005 1532 1044 in
1568 1004 1759 1055 copiosa
1792 1004 2086 1044 multitudine

313 1074 355 1113 in
393 1086 531 1114 unum
568 1075 887 1120 conveniente„
922 1087 1116 1125 quorum
1153 1075 1234 1115 fuit
1275 1087 1355 1115 cor
1388 1088 1527 1116 unum
1563 1078 1610 1116 et
1651 1075 1804 1116 anima
1838 1087 1928 1115 una
1962 1078 2009 1115 et
2042 1076 2085 1115 in

313 1145 477 1195 quibus
513 1147 724 1195 regnavit
761 1147 979 1187 unanima
1022 1147 1172 1197 pietas
1212 1147 1463 1187 actionum.
1509 1147 1666 1197 patulo
1703 1158 1782 1197 per
1823 1146 1969 1186 multa
2016 1159 2085 1186 ar-

311 1221 531 1267 gumenta
587 1218 878 1268 approbavit.
932 1219 1002 1268 pie
1048 1220 1288 1258 sectamur
1338 1220 1383 1258 et
1439 1220 1712 1258 constanter
1764 1217 1994 1257 credimus
2039 1220 2083 1257 et

311 1292 539 1329 tenemus.
606 1288 698 1329 Sub
735 1289 981 1329 verborum
1016 1289 1121 1330 licet
1158 1289 1277 1330 satis
1311 1290 1519 1329 revelato
1549 1289 1776 1329 velamine
1810 1289 1852 1328 in
1887 1288 2085 1338 scriptu-

312 1372 465 1400 rarum
500 1361 625 1401 calce
661 1360 829 1401 artifex
865 1360 1115 1400 eorundem
1151 1372 1416 1411 supponens
1450 1361 1537 1401 hoc
1562 1372 1616 1400 ex
1653 1359 1948 1400 transmissis
1983 1370 2084 1399 suc-

311 1431 460 1471 cincte
495 1431 690 1472 collecta
724 1431 970 1481 scripturis
1004 1431 1132 1471 brevi
1167 1432 1286 1472 satis
1321 1431 1517 1482 epilogio
1553 1431 1891 1482 comprehensa
1929 1433 2084 1470 trans-

311 1498 592 1551 ‹·urri1mis.'')
656 1503 776 1543 Sane
810 1503 932 1542 iuste
967 1503 1010 1541 in
1045 1514 1095 1542 se
1131 1502 1311 1553 culpam
1346 1502 1447 1553 quis
1482 1504 1726 1553 aggravat7
1752 1514 1888 1553 quam
1913 1502 2084 1542 iniuste

310 1573 351 1612 in
389 1574 525 1613 alium
562 1576 834 1624 retorquere
878 1572 1071 1614 festinat
1111 1606 1116 1611 .
1154 1605 1161 1612 .
1199 1606 1205 1613 .
1254 1573 1424 1613 Verum
1473 1573 1577 1623 quia
1626 1574 1774 1614 nescit
1821 1573 1876 1614 ab
1925 1585 2083 1613 amore

310 1645 485 1685 caritas
520 1645 665 1685 eciam
703 1645 799 1685 lesa
834 1644 1089 1695 discedere,
1123 1656 1209 1685 nos
1244 1647 1353 1695 post
1392 1645 1676 1695 exprobrata
1720 1644 1853 1684 nobis
1894 1645 1994 1684 tidei
2037 1646 2080 1684 et

309 1716 523 1756 veritatis
565 1716 813 1766 obprobria
857 1718 900 1755 et
952 1718 1054 1766 post
1104 1715 1263 1755 audita
1310 1718 1380 1755 set
1429 1715 1623 1765 benigne
1670 1718 1896 1766 concepta
1941 1716 2081 1756 verba

306 1788 539 1827 tumencia
575 1790 824 1827 servantes
866 1787 922 1827 ad
967 1799 1051 1826 vos
1095 1787 1241 1826 solide
1288 1787 1502 1827 caritatis
1549 1786 1768 1827 affectum
1818 1799 1899 1837 pro
1947 1787 2078 1828 vobis

306 1858 598 1899 decrevimus
646 1858 1033 1909 respondendum.
1116 1858 1190 1897 llle
1244 1869 1444 1908 namque
1499 1857 1666 1898 doctor
1717 1860 1760 1898 et
1817 1858 2083 1908 predicator

305 1929 532 1980 egregius.
557 1930 812 1980 gloriosum
841 1929 991 1969 lumen
1023 1929 1224 1969 omnium
1252 1932 1294 1969 et
1322 1929 1640 1979 ecclesiarum,
1667 1929 1796 1969 cuius
1821 1929 2080 1979 predicacio

305 2000 523 2041 mundum
580 2001 734 2041 docuit
801 2001 1086 2047 universum,
1150 2002 1562 2050 presumptuosam
1617 2011 1776 2039 eorum
1836 2000 2077 2041 audaciam

306 2070 541 2112 refrenare
565 2072 808 2121 sollicitus,
843 2071 915 2122 qui
952 2070 1219 2111 maiestatis
1244 2070 1396 2111 divine
1426 2070 1597 2120 indigni
1621 2072 1665 2111 et
1693 2071 1927 2111 temerarii
1952 2082 2079 2112 scru-

306 2144 486 2182 tatores
528 2142 662 2193 digne
702 2143 915 2182 nimirum
960 2154 985 2181 a
1034 2141 1180 2191 gloria
1232 2142 1570 2192 opprimuntur,
1619 2153 1711 2181 non
1761 2141 1862 2192 plus
1913 2151 2078 2193 sapere

302 2225 439 2263 quam
477 2215 663 2265 oportet
700 2225 865 2264 sapere
909 2212 966 2253 ad
1002 2210 1354 2258 sobrietatem¹)
1377 2211 1550 2253 salubri
1574 2212 1789 2253 doctrina
1824 2213 2077 2264 suggessit,

303 2287 348 2324 ut
384 2286 515 2325 iuxta
551 2286 777 2336 sapientis
812 2286 1042 2336 eloquium
1080 2286 1273 2337 quisque
1308 2296 1390 2325 sue
1428 2283 1676 2334 prudencie
1710 2283 1898 2325 modum
1934 2286 2078 2334 ponat

300 2356 459 2407 sicque
494 2357 708 2397 comedat
745 2368 799 2397 ex
836 2357 968 2396 melle
1002 2357 1206 2399 invento.
1254 2355 1374 2406 quod
1409 2353 1595 2400 sufficit,
1642 2366 1698 2394 ne
1744 2354 1852 2394 illud
1885 2357 2077 2395 evomat

301 2425 598 2473 saturatus.'-')
620 2428 827 2478 Querens
851 2428 1008 2478 pocius
1034 2428 1239 2478 quisque.
1259 2426 1424 2477 quibus
1448 2437 1498 2466 se
1523 2425 1579 2466 ad
1604 2425 1854 2465 utilitatem
1881 2425 2074 2473 erudiatq

301 2499 583 2548 pacienciam
622 2501 781 2538 servet
815 2512 867 2539 ac·
904 2510 1059 2539 mores
1095 2510 1205 2539 suos
1246 2498 1288 2537 in
1326 2496 1663 2548 tranquillitate
1707 2496 1938 2546 disponat,
1978 2497 2076 2543 ne⁰)

298 2568 373 2609 illa
408 2571 660 2618 scrutetur,
695 2569 859 2620 quibus.
884 2570 1121 2620 loquacior
1155 2571 1377 2620 appareat
1408 2568 1475 2608 vel
1501 2567 1684 2608 doctior
1707 2566 1920 2607 omnibus
1951 2567 2074 2607 vide-

299 2643 417 2680 atur.
484 2639 696 2690 Alioquin
742 2652 832 2680 non
884 2640 1038 2681 subire
1084 2640 1221 2690 sapit„
1268 2642 1342 2679 set
1388 2639 1526 2679 nimie
1573 2637 1799 2679 vanitatis
1845 2637 2074 2677 ebrietate

299 2710 546 2760 dissipiens
588 2711 872 2759 cognicionis
915 2722 1113 2761 superne
1156 2710 1420 2753 scienciam.
1465 2721 1553 2760 quo
1602 2708 1702 2759 plus
1748 2707 2072 2748 immoderatis

298 2780 490 2820 ausibus
539 2781 730 2831 appetit.
780 2782 880 2831 plus
927 2782 1117 2822 amittit.
1192 2780 1261 2820 Ad
1312 2781 1397 2821 boc
1444 2780 1609 2831 quippe
1659 2779 1874 2829 precipue
1918 2778 2070 2818 hostis

299 2851 512 2891 innititur
545 2853 589 2891 et
627 2851 683 2891 ad
718 2851 804 2892 hoc
840 2851 1220 2902 frequentissime
1254 2863 1366 2892 suas
1400 2850 1599 2891 intendit
1638 2849 1844 2899 insidias
1886 2848 1942 2889 ad
1982 2848 2069 2889 hoc

300 2922 558 2971 periculose
593 2934 642 2961 se
676 2923 907 2963 interdum
943 2923 986 2962 in
1022 2923 1136 2963 lucis
1181 2922 1393 2972 angelum
1438 2920 1759 2971 transfigurat,
1799 2922 1847 2960 ut
1890 2919 2069 2970 sparsis

297 3004 507 3033 errorum
543 2993 796 3033 seminibus
831 2993 1030 3034 fidelium
1064 2993 1199 3033 fidem
1233 2992 1422 3038 inficiat„
1455 3003 1544 3042 quo
1575 2990 1712 3031 nichil
1735 2992 1876 3041 queat
1910 3001 2067 3040 super-

414 3083 443 3108 a)
469 3082 511 3109 So
534 3081 622 3108 heim>
645 3082 714 3109 Ilss.
754 3082 785 3109 b)
808 3082 849 3108 Εἰ,
871 3083 927 3108 dm·
950 3081 1164 3116 imbelmls'eue
1186 3081 1269 3109 δαῖε.
1309 3081 1338 3115 c)
1358 3080 1401 3108 So
1423 3080 1510 3108 beide
1530 3080 1600 3107 Hss.
1645 3079 1687 3105 Ob
1709 3079 1796 3106 niem
1816 3080 1891 3106 siut!
1912 3079 1996 3106 nec?

416 3132 440 3175 l)
473 3133 576 3166 Hom.
605 3133 657 3165 13.
684 3134 716 3165 51.
768 3131 794 3174 ²¹)
829 3133 926 3165 Nacle
958 3132 1068 3165 Pron.
1097 3133 1151 3166 25.
1180 3132 1232 3164 16.
1260 3131 1314 3164 27.
