2178 3404
1494 81 1513 91 ο

311 161 396 201 3⁶22
706 170 747 201 ΙῘ.
777 169 996 201 Abschnitt.
1049 168 1198 211 Gregor
1224 168 1304 201 XII.
1332 168 1411 201 und
1439 168 1508 202 das
1536 168 1685 202 Konzil.

310 279 580 328 religionum
613 277 891 317 diversitate
924 277 1134 327 munivit7
1170 279 1220 317 ut
1255 277 1313 317 sit
1352 309 1358 316 .
1391 308 1397 315 .
1426 309 1431 314 .
1468 278 1597 318 sicud
1631 279 1773 319 turris
1798 278 1947 320 David
1977 292 2079 320 cum

311 348 700 400 pr(›pungnaculis
735 348 951 388 edificata
986 348 1280 390 firmissimis.
1315 359 1370 387 ex
1405 360 1495 398 qua
1518 348 1639 389 mille
1664 350 1793 400 clipei
1818 350 2081 400 pendebant

310 420 459 459 111111113
480 419 675 459 forcium
701 415 994 465 armatura.¹)
1018 418 1191 459 Horum
1216 419 1376 458 eadem
1403 418 1603 460 ecclesia
1627 418 1819 461 suffulta
1844 420 2081 471 suffragiis

310 490 441 540 quasi
466 489 742 529 bellatorum
779 489 958 539 stipata
993 489 1152 530 cuneis
1186 492 1233 529 et
1270 489 1401 529 velud
1429 492 1691 530 castrorum
1718 491 1843 531 acies
1867 492 2082 532 ordinata

312 560 528 600 terribilis
564 572 727 600 secura
765 572 867 600 cum
902 560 1039 600 hoste
1075 561 1264 610 antiquo
1301 560 1598 610 congreditur
1632 564 1677 601 et
1713 594 1720 601 .
1754 593 1794 602 ..
1831 563 1888 602 ad
1923 562 2081 603 consu—

311 631 480 671 tandas
521 631 765 681 spirituum
814 631 1123 681 malignorum
1170 631 1362 671 insidias
1409 634 1456 671 et
1500 632 1751 673 insidiosos
1794 633 2082 684 repellendos

310 702 510 742 insultus
553 734 559 741 .
607 735 613 742 .
651 734 657 741 .
704 702 1021 752 imperterrita
1070 705 1114 742 et
1162 703 1357 742 immota
1405 702 1635 743 consistit.
1708 703 1898 744 Summo
1944 716 2082 755 opere

310 773 526 813 convenit
562 773 831 824 spirituales
866 773 965 813 eius
1000 773 1245 823 belligeros
1280 785 1370 813 non
1415 774 1457 813 in
1501 773 1705 814 latibulis
1753 778 1834 814 aut
1879 775 2083 825 quolibet

310 843 409 883 loco
445 844 629 893 privato
663 856 717 884 ex
754 844 953 894 quadam
990 844 1317 894 singularitate
1343 844 1645 892 sibimetipsis
1671 845 1908 895 sapientes
1940 847 2083 887 videri

310 915 566 964 cupientes,
602 915 680 955 sed
718 916 758 954 in
797 915 1167 966 congregacione
1214 914 1411 955 fidelium
1460 918 1505 956 et
1553 916 1744 966 copiosa
1789 916 2084 957 multitudine

310 985 512 1025 virorum
541 986 858 1035 probatorum.
884 986 958 1026 ubi
991 988 1232 1037 oppertum
1260 986 1544 1027 revelabitur
1566 989 1613 1027 et
1638 987 1870 1028 occultum
1895 988 2083 1040 scietur,

309 1055 453 1096 facies
488 1056 717 1097 humanas
752 1069 842 1096 non
878 1058 1081 1097 verendo
1119 1058 1260 1097 libera
1297 1069 1410 1098 voce
1446 1070 1526 1108 pro
1552 1058 1688 1098 domo
1724 1058 1921 1110 Domini,
1946 1071 2081 1110 quam

309 1126 439 1167 decet
477 1126 799 1172 san‹·titu‹lo.'·’)
834 1129 875 1168 in
912 1129 982 1168 die
1022 1129 1207 1179 placito.
1243 1129 1455 1169 videlicet
1499 1128 1815 1169 celebracione
1858 1130 2084 1171 sessionis

311 1198 612 1238 adventantis
666 1200 859 1240 concilii.
910 1200 1198 1250 agnis-sionem
1253 1200 1468 1240 veritatis
1517 1200 1762 1250 propalare
1808 1204 1855 1241 et
1901 1212 2084 1242 errores

310 1269 574 1319 reprobare.
640 1270 783 1310 Nemo
818 1272 937 1311 enim
974 1272 1233 1312 accendens
1259 1271 1493 1312 lucernam
1521 1271 1605 1311 sub
1630 1271 1783 1312 modio
1809 1272 1938 1322 ponit
1967 1285 2084 1325 eam,

310 1341 391 1381 sed
425 1353 564 1391 super
599 1339 980 1392 candelabrunnssl
1015 1346 1079 1393 ut7
1114 1343 1187 1393 qui
1212 1342 1398 1383 domum
1425 1342 1758 1393 ingrediuntur,
1785 1343 1936 1384 lumen
1959 1344 2084 1385 vide-

310 1415 403 1453 ant.
468 1412 559 1452 Nec
595 1414 715 1452 enim
760 1413 951 1454 afflictio
987 1414 1188 1464 quelibet
1232 1416 1474 1463 peccatum
1522 1414 1565 1453 in
1612 1427 1680 1464 eo,
1724 1415 1796 1465 qui
1846 1415 2084 1467 affligitur,

311 1485 542 1534 supponit.
577 1496 683 1524 nani
719 1487 762 1524 et
800 1485 951 1525 iustus
986 1484 1217 1524 interdum
1244 1484 1467 1534 affligitur
1490 1496 1581 1524 non
1606 1496 1688 1534 pro
1713 1485 1926 1527 diluenda
1951 1487 2085 1537 culpa

311 1555 548 1605 preterita7
584 1556 665 1594 sed
702 1567 781 1605 pro
819 1556 1006 1596 vitanda
1044 1556 1214 1605 sutura7
1250 1556 1372 1595 sicut
1406 1558 1452 1595 et
1489 1567 1571 1596 vas
1614 1556 1854 1597 electionis
1872 1554 1904 1605 4)
1939 1558 1993 1597 de
2035 1570 2084 1599 se

309 1626 410 1676 ipso
446 1625 636 1666 fatetur.
671 1626 777 1667 dum
814 1639 863 1667 se
905 1627 1183 1677 colaphizari
1224 1627 1376 1666 carnis
1424 1626 1625 1667 stimulis
1672 1628 1857 1679 asserit,
1903 1640 1959 1669 ne
2007 1642 2086 1680 per

312 1697 652 1738 revelacionum
713 1698 1078 1748 magnitudinem
1135 1694 1440 1745 extollatur.⁵)
1535 1698 1820 1750 Quandoque
1877 1712 1986 1741 vero
2041 1701 2084 1741 in

312 1767 562 1809 afflictione
619 1769 725 1809 iusti
774 1781 856 1809 nec
902 1770 1169 1820 precedens.
1214 1782 1314 1810 cum
1363 1780 1453 1809 non
1505 1769 1670 1820 subsit,
1718 1771 1851 1821 culpa
1897 1771 2086 1812 diluitur

308 1851 392 1880 nec
427 1839 681 1880 subsecuta
715 1840 920 1886 timetur,
946 1841 1027 1880 sed
1061 1841 1179 1880 sicut
1217 1840 1430 1890 prohibet
1464 1839 1651 1880 Veritas
1685 1841 1729 1880 in
1765 1853 1873 1882 ceco
1908 1844 2021 1883 nato
2039 1840 2084 1893 ϋ)7

311 1911 353 1950 111
389 1911 555 1960 agitur.
593 1914 636 1951 ut
676 1911 787 1951 fiant
824 1911 906 1951 Dei
941 1923 1081 1962 opera
1116 1910 1369 1951 manifesta
1403 1915 1449 1952 et
1488 1911 1813 1952 nichilominus
1857 1913 1900 1953 in
1946 1914 2083 1954 beato

307 1980 396 2021 ,11111
432 1982 582 2022 virtus
617 1982 795 2022 eluceat
832 1995 885 2023 ac
922 1983 1191 2022 meritorum
1229 1982 1373 2032 ipsius
1410 1982 1634 2033 cunmlus,
1669 1983 1799 2023 sicud
1832 1995 1888 2024 ex
1931 1985 2083 2025 multi-

311 2051 411 2102 plici
447 2052 653 2092 eiusdem
691 2054 842 2093 sancti
878 2053 1259 2093 remuneracione
1295 2053 1607 2103 perpenditur,
1643 2052 1923 2105 augeaturf)
1987 2052 2084 2096 Vos

310 2135 505 2173 quoque
542 2128 675 2173 prout
713 2136 817 2164 esse
851 2124 1031 2164 debetis
1066 2127 1113 2163 et
1147 2124 1248 2164 tidei
1283 2126 1327 2163 et
1364 2124 1558 2164 ecclesie
1583 2124 1827 2165 militantis
1852 2126 2083 2167 zelatores

313 2195 511 2244 precipui
547 2198 590 2235 et
629 2196 684 2235 ad
721 2196 864 2245 ipsius
899 2195 1239 2235 exaltacionem
1276 2195 1459 2234 labores
1493 2197 1680 2235 vestros
1704 2196 1955 2237 manifeste
1979 2197 2083 2237 diri-

309 2278 417 2313 gere
453 2266 716 2308 censemini,
753 2270 967 2316 oporteat
1013 2278 1095 2306 vos
1137 2266 1393 2306 attendere.
1435 2266 1555 2315 quod
1595 2266 1790 2307 ecclesie
1833 2269 1990 2308 status
2037 2271 2083 2309 et

311 2336 410 2375 lidei
470 2337 813 2387 eorimdemque
865 2338 1057 2387 negocia
1117 2349 1170 2377 eo
1230 2340 1337 2376 sunt
1398 2336 1702 2377 indissolubili
1762 2338 1928 2378 unione
1976 2350 2082 2379 con-

311 2408 480 2450 iuncta.
517 2410 563 2447 ut
601 2407 748 2448 altera
787 2408 960 2458 reliqua
995 2408 1036 2447 in
1073 2408 1247 2447 honore
1282 2419 1372 2447 non
1408 2407 1568 2447 habita
1602 2407 1821 2448 honorari
1855 2421 1945 2449 non
1979 2423 2082 2460 pos-

310 2478 415 2518 sint.
483 2478 572 2519 Nec
608 2478 725 2518 enim
772 2481 926 2528 potest
965 2478 1065 2517 lidei
1100 2478 1328 2527 derogari.
1365 2478 1469 2528 quin
1505 2478 1641 2518 nimis
1687 2479 1882 2520 ecclesie
1928 2480 2082 2521 detra-

309 2548 461 2598 hatun
496 2561 578 2588 nec
615 2550 700 2600 ipsi
735 2550 930 2589 ecclesie
975 2550 1121 2589 statui
1171 2552 1214 2588 et
1263 2549 1425 2589 honori
1473 2549 1668 2600 detrahi,
1715 2550 1822 2600 quin
1871 2554 1915 2591 et
1964 2550 2081 2599 111161,

257 2668 261 2672 “
310 2622 534 2670 quantum
571 2621 613 2659 in
648 2620 924 2660 detrahente
958 2620 1111 2667 suerit,
1152 2620 1402 2669 derogetur
1437 2652 1444 2659 .
1481 2651 1488 2659 .
1525 2651 1531 2659 .
1580 2619 1644 2660 Ne
1689 2620 1831 2670 igitur
1864 2633 1963 2673 vos,
2007 2622 2081 2673 qui

308 2690 511 2729 eiusdem
550 2690 651 2730 [idei
687 2704 712 2731 a
747 2691 906 2731 diebus
955 2690 1157 2741 antiquis
1204 2690 1414 2730 studiose
1462 2690 1669 2731 racastis
1704 2690 1997 2743 professioni,
2044 2693 2080 2732 si

308 2760 351 2800 in
388 2761 580 2801 instanti
615 2762 917 2802 necessitatis
952 2762 1148 2802 articulo
1183 2761 1392 2807 ecclesie,
1427 2764 1477 2801 ut
1511 2761 1754 2812 loquamur
1788 2762 1845 2802 ad
1875 2762 2080 2803 litteram

309 2832 442 2871 salva
476 2843 601 2882 pace,
632 2832 881 2872 iniuriosus
916 2833 1098 2873 fueritis
1133 2834 1179 2872 et
1219 2832 1458 2882 negligens
1498 2832 1645 2872 eidem
1679 2831 1783 2873 fidei
1817 2832 2081 2874 efficiamini

309 2902 499 2942 iniuriis.
566 2903 712 2953 Super
745 2903 831 2942 hiis
866 2903 1006 2953 igitur
1040 2903 1297 2944 amiciciam
1333 2905 1539 2943 vestram
1577 2911 1812 2953 rogamus,
1837 2914 2081 2944 monemus

431 3029 451 3062 ¹,
484 3032 628 3065 (santio.
658 3030 690 3065 4.
718 3029 749 3061 4.
770 3049 812 3051 —
834 3029 859 3062 ²)
892 3030 951 3063 Ps.
972 3030 1027 3063 92.
1055 3031 1085 3063 5.
1112 3049 1155 3051 —
1176 3028 1202 3071 ³)
1222 3029 1311 3062 Luc.
1332 3029 1387 3061 11.
1406 3029 1461 3061 3-3.
1482 3046 1526 3050 —
1545 3027 1573 3065 ⁴)
1600 3028 1674 3062 Aet.
1703 3030 1735 3063 9.
1760 3030 1810 3064 15.
1838 3049 1881 3052 —
1909 3029 1935 3061 ⁵)
1954 3030 1978 3063 2
1999 3029 2079 3064 Cor.

314 3091 361 3121 12.
393 3090 420 3121 7.
451 3109 489 3110 j
521 3090 547 3120 ‘''1
576 3091 631 3122 .ln.
660 3093 690 3124 9.
723 3092 762 3122 1ἶ
789 3094 819 3123 3.
850 3110 892 3111 j
923 3090 948 3129 ⁷)
975 3090 1044 3121 ‚lab
1069 3090 1123 3123 42.
1157 3090 1205 3121 12.
