2178 3404
538 138 662 171 Briefe
690 139 747 171 bis
775 149 842 171 zur
864 140 1091 181 Ahsotznng
1116 139 1292 172 Johanns
1321 139 1458 172 XXIII.
1801 133 1884 171 233

114 249 188 300 qui
213 249 394 289 demum
421 250 643 298 poterunt
667 248 951 288 concordare
975 248 1029 287 de
1053 260 1144 288 uno
1169 249 1285 299 Ioco,
1317 249 1359 288 in
1384 261 1472 299 quo
1498 250 1775 290 ctmveniant
1806 283 1812 290 .
1841 283 1847 290 .
1875 283 1882 291 .

113 319 282 360 Paulus
316 318 613 360 secretarius.

231 402 276 442 Si
311 403 467 442 autem
501 402 731 451 premissa
764 413 844 451 per
878 401 1088 451 prefaws
1124 402 1473 443 ambaxiawres
1509 404 1782 444 concordari
1815 405 1881 445 vel

111 473 207 514 fieri
253 484 344 513 non
390 473 585 522 possent
630 467 707 524 [et]
756 472 810 512 de
856 472 993 512 vistis
1040 472 1368 522 principalibus
1412 474 1743 515 concordatum
1792 475 1880 515 iam

109 542 230 584 soret
280 542 352 583 vel
401 542 540 583 vellet
590 542 737 583 adhuc
786 554 865 583 rex
913 542 1227 582 Romanorum
1278 544 1562 585 concordare
1609 545 1663 585 (Ie
1708 546 1879 586 eisdem

109 625 189 664 per
223 613 433 664 prefatos
469 613 831 663 ambaxiatores,
867 614 1070 653 servatis
1106 614 1255 653 modis
1296 614 1521 663 honestis,
1570 616 1790 656 coloratis
1837 619 1884 657 et

109 684 379 726 decentibus
405 684 526 725 dicte
550 684 672 724 viste
693 684 879 725 omnino
900 684 1223 734 impediantur„
1251 685 1495 725 turbentur
1519 688 1566 726 et
1590 689 1882 737 revocentur,

108 755 177 796 vel
213 755 459 795 materiam
494 754 813 795 difficultando
847 755 917 795 vel
954 767 1093 805 super
1127 755 1239 795 locis
1274 757 1321 799 et
1354 768 1512 795 eorum
1549 757 1882 798 securitatibus

107 825 180 866 vel
202 828 412 876 tempore
435 836 528 865 non
553 825 893 876 concordando,
914 826 982 865 vel
1010 825 1139 877 alias,
1165 828 1303 875 prout
1326 823 1485 866 eorum
1517 827 1882 868 discrecionibus

107 896 312 945 videtur3
346 897 394 937 et
426 895 501 936 ubi
537 896 671 936 aliter
705 896 898 936 comode
933 896 1109 936 turbari
1147 896 1218 936 vel
1253 897 1464 937 revocari
1499 897 1621 938 dicte
1648 899 1767 938 viste
1790 911 1879 939 11011

107 968 316 1018 possent,
342 966 608 1017 allegabunt
631 966 799 1017 prefati
820 967 1184 1014 ambaxiatm‘es,
1205 967 1323 1017 quod
1351 968 1662 1008 consideratis
1681 970 1882 1010 maxime

105 1038 237 1078 iuxta
270 1038 523 1088 primarum
558 1050 747 1078 suarum
772 1038 1032 1078 litterarum
1069 1038 1409 1079 continenciam
1445 1041 1493 1079 et
1526 1042 1733 1079 tenorem
1771 1040 1881 1080 dila-

107 1108 330 1159 cionibus,
364 1109 706 1159 impedimentis
740 1111 787 1149 et
811 1108 1146 1149 difficultatibus
1181 1111 1228 1149 et
1253 1110 1386 1159 quasi
1420 1110 1810 1160 denegacionilms
1835 1114 1881 1151 et

105 1179 486 1220 recusacionibus
520 1191 601 1230 per
633 1191 789 1230 regem
825 1179 1141 1220 Romanorum
1166 1180 1211 1219 in
1236 1180 1372 1220 dictis
1397 1181 1534 1221 vistis
1565 1182 1882 1231 multipliciter

106 1250 414 1302 interpositis,
449 1262 535 1301 que
569 1251 725 1291 omnia
758 1250 927 1300 prefati
963 1251 1312 1291 ambaxiatores
1348 1263 1427 1302 per
1462 1264 1572 1292 suas
1621 1253 1804 1293 litteras
1839 1254 1879 1293 d.

105 1321 146 1361 d.
180 1321 277 1372 regi
310 1321 627 1373 notificarunt,
661 1333 717 1362 ex
753 1322 918 1372 quibus
953 1322 994 1362 d.
1029 1323 1069 1362 d.
1105 1334 1186 1362 rex
1221 1323 1388 1364 merito
1428 1323 1591 1364 habuit
1635 1325 1876 1374 negocium

106 1404 188 1443 pro
223 1392 459 1443 derelicto,
494 1393 535 1432 d.
570 1393 610 1432 d.
656 1405 737 1433 rex
781 1395 961 1443 partem
1004 1394 1217 1444 gencium
1261 1396 1308 1434 et
1350 1395 1639 1445 navigiorum
1689 1408 1876 1436 suorum

107 1463 235 1503 misit
268 1463 312 1503 in
347 1462 624 1504 Trinacliam
644 1460 675 1512 1)
709 1476 811 1504 cum
846 1476 931 1505 suo
966 1465 1331 1515 secundogenito
1366 1468 1414 1505 et
1453 1466 1644 1507 divertit
1687 1467 1743 1507 ad
1790 1467 1880 1507 alia

105 1546 275 1585 magna
308 1536 355 1575 et
389 1534 534 1574 ardua
567 1535 762 1585 negocia
795 1535 876 1575 Dei
922 1536 1168 1576 servicium
1219 1538 1263 1576 et
1309 1536 1477 1577 bonum
1525 1539 1701 1578 statum
1750 1538 1878 1588 regni

107 1604 306 1645 Castelle
340 1606 387 1645 et
420 1616 666 1655 regnorum
704 1618 893 1646 suornm
921 1607 1214 1647 continencia
1237 1610 1279 1647 et
1310 1620 1388 1657 per
1412 1620 1702 1658 consequens
1727 1608 1879 1649 dictas

106 1675 254 1716 vistas
288 1675 443 1716 facere
476 1687 567 1715 non
602 1678 765 1726 posset
798 1676 852 1716 (le
876 1689 1046 1727 magno
1072 1679 1296 1728 tempme,
1322 1691 1374 1718 ac
1400 1679 1518 1729 quod
1546 1679 1603 1719 ad
1626 1680 1878 1720 dilaciones

105 1746 333 1787 tollendas
368 1747 552 1786 videtur
584 1747 742 1787 utilius
776 1750 819 1787 et
858 1748 1088 1788 salubrius
1122 1752 1257 1790 tanto
1282 1751 1490 1800 negocio,
1526 1751 1645 1801 quod
1683 1763 1878 1801 persone

104 1816 345 1868 utriusque
386 1817 536 1867 partis
578 1817 783 1858 breviter
826 1820 1121 1864 conveniant,
1165 1822 1217 1860 nt
1258 1833 1399 1870 supra
1441 1821 1622 1868 dicitur,
1664 1822 1877 1873 quodque

103 1887 346 1938 negocium
381 1890 515 1928 tanto
552 1890 760 1939 tempore
802 1889 1051 1939 diferatur3
1098 1892 1146 1931 et
1190 1891 1257 1932 sic
1304 1892 1547 1940 allegando
1595 1893 1876 1934 difficultates

104 1969 244 2008 super
277 1960 488 2009 tempore
522 1962 570 1999 et
604 1960 815 2000 raciones
862 1972 1004 2010 supra
1040 1962 1220 2010 positas
1255 1964 1301 2002 et
1336 1962 1466 2013 alias,
1513 1963 1568 2003 (le
1603 1964 1766 2014 quibus
1810 1965 1876 2005 eis

103 2028 347 2079 videbitur,
394 2030 628 2079 predictas
682 2031 832 2071 vistas
879 2032 1066 2072 0111111110
1114 2032 1366 2082 impedient
1411 2036 1459 2073 et
1507 2034 1546 2074 si
1593 2036 1877 2076 concordate

104 2098 288 2150 fuerint,
322 2101 457 2140 unius
491 2101 614 2141 modi
649 2102 946 2142 concordiam
977 2103 1163 2144 omnino
1188 2105 1398 2144 revocari
1426 2108 1689 2155 procurent,
1725 2106 1875 2147 dando

103 2170 260 2210 tamen
295 2182 424 2221 spem
458 2171 582 2212 dicto
618 2173 711 2222 regi
748 2171 1079 2223 Romanorum,
1115 2174 1236 2224 quod
1272 2187 1353 2224 pro
1389 2178 1613 2227 tempore,
1658 2189 1770 2217 casu
1805 2178 1873 2217 vel

104 2241 454 2291 opportunitate
489 2254 539 2282 se
573 2243 819 2283 exhibente
860 2244 900 2283 d.
936 2244 976 2283 d.
1011 2256 1091 2284 rex
1134 2245 1329 2285 multum
1365 2246 1602 2287 desiderat
1635 2259 1685 2287 se
1719 2248 1875 2288 videre

103 2322 204 2352 cum
241 2311 365 2352 dicto
399 2324 508 2363 rege
542 2312 873 2354 Romanorum.

1251 2375 1421 2415 Paulus
1456 2377 1754 2417 secretarius.

220 2465 411 2515 Insuper
435 2466 473 2505 si
498 2466 709 2515 prefatus
733 2479 813 2506 rex
834 2467 1151 2509 Romanorum
1177 2469 1230 2508 ad
1258 2470 1676 2520 congregacionem
1700 2471 1871 2512 (licitam

102 2546 422 2587 personarum,
458 2536 512 2576 de
547 2549 637 2587 qua
671 2549 824 2587 supra,
860 2539 969 2579 dare
1012 2540 1162 2579 Iocum
1206 2540 1419 2589 noluerit,
1467 2541 1548 2581 sed
1595 2541 1710 2581 alias
1759 2543 1872 2590 vias,

102 2606 154 2645 ut
198 2606 311 2656 puta
355 2607 725 2647 renunciacionis
772 2608 842 2648 vel
890 2610 1006 2649 alias
1052 2611 1266 2661 moverit,
1311 2610 1478 2660 prefati
1523 2611 1872 2653 ambaxiatores

101 2676 281 2716 illarum
306 2676 539 2728 effectum,
556 2678 782 2727 praticam
808 2680 879 2719 vel
899 2681 1243 2721 conclusionem
1264 2682 1596 2733 interrogando
1621 2684 1874 2733 prudenter

101 2748 150 2787 et
183 2748 333 2797 caute,
368 2749 592 2798 quantum
618 2750 852 2800 poterunt,
877 2753 1245 2803 perscrutentur,
1273 2754 1320 2793 et
1344 2753 1466 2793 illam
1492 2754 1565 2794 vel
1589 2754 1690 2794 illas
1720 2754 1871 2805 aliquo

100 2817 238 2858 modo
271 2829 356 2858 nec
389 2818 660 2868 simpliciter
694 2820 1006 2870 acceptabunt
1038 2833 1122 2862 nec
1155 2834 1377 2873 expresse
1423 2824 1744 2875 denegabunt3
1790 2826 1872 2866 sed

102 2887 372 2939 allegantes,
407 2889 529 2939 quod
562 2890 878 2940 principaliter
910 2895 1138 2933 venerant
1170 2896 1362 2944 propter
1394 2895 1545 2935 vistas
1588 2897 1744 2936 motas
1791 2908 1871 2946 per

219 3049 242 3092 l)
269 3050 448 3092 Sfiziltem
469 3062 594 3094 magen
613 3052 681 3085 cler
697 3052 902 3095 ycplanten
921 3054 1060 3088 Heirat
1077 3056 1198 3088 sesnes
1216 3054 1363 3089 Solones
1382 3057 1452 3089 mit
1470 3055 1648 3098 Ko'uigyin
1668 3056 1867 3089 doliana«.
