2178 3404
46 213 84 245 E.
136 212 323 245 Bencdikt
346 211 444 244 XIII.
475 222 507 245 u.
536 212 569 243 d.
595 211 728 243 Konzil
760 221 792 243 v.
822 210 855 242 d.
884 210 1136 243 Subtraktion
1166 210 1221 242 bis¹
1250 221 1279 242 z.
1301 210 1414 243 Wabl
1443 210 1609 243 Martius
1630 211 1673 243 V.
1731 201 1815 242 539

45 321 212 361 vilione
245 321 559 371 gubernamre
585 320 857 360 (athalonie
881 322 925 359 et
956 319 1173 369 religwso
1200 319 1298 359 viro
1327 319 1512 359 domino
1538 318 1684 359 fratre
1710 319 1815 359 Fer-

43 391 242 431 dinando
272 390 312 431 (Γ
337 390 570 430 Yllischas
606 390 780 431 ordinis
814 389 1009 429 fratrum
1048 390 1288 430 Minorum.
1324 390 1396 440 qui
1426 402 1475 429 se
1511 394 1813 430 asseruerunt

42 462 236 502 nuncios
264 463 311 501 et
344 460 694 501 ambaxiatores
729 460 1031 500 illustrissimi
1066 460 1284 509 principis
1319 460 1358 499 d.
1385 460 1656 499 Ferdinandi
1692 461 1816 510 regis

44 531 326 582 Aragonum,
360 531 479 571 idem
516 531 894 581 archiepiscopus
928 530 1186 579 proposuit.
1233 530 1360 580 quod
1388 530 1473 580 ipsi
1510 530 1818 571 mittebantur
1869 576 1874 581 ,

42 614 98 642 ex
134 604 266 653 parte
301 602 410 642 dicti
446 601 486 642 d.
522 602 644 651 regis
680 601 737 641 ad
772 601 945 640 dictum
990 600 1029 639 d.
1064 612 1106 640 n.
1142 612 1309 650 papam
1351 600 1408 640 ad
1443 600 1531 641 duo
1569 602 1816 652 sequencia

43 673 355 723 proponenda.
1005 664 1032 673 ‘⁷

160 742 363 783 Primum
396 743 532 794 quod,
568 754 671 783 cum
707 742 860 783 dictus
895 742 935 782 d.
970 753 1051 781 rex
1086 741 1223 781 fuerit
1260 753 1341 791 per
1374 742 1587 782 diversos
1620 742 1690 782 his
1726 743 1817 783 die-

42 813 127 854 bus
161 813 458 864 informatus⁷
493 813 614 864 quod
657 812 889 853 sanctitas
924 823 1009 852 sua
1044 811 1373 851 condescendit
1412 812 1467 852 ad
1503 813 1654 863 aliqua
1688 814 1817 853 utilia

42 884 199 925 unioni
232 884 440 925 ecclesie.
476 884 691 935 dignetur
724 883 850 923 dicta
885 883 1116 923 sanctitas
1145 882 1221 922 illa
1256 883 1465 933 apperire
1500 885 1542 923 et
1580 883 1818 924 declarare

41 954 178 996 dictis
213 955 616 996 ambaxiatoribus
650 955 695 994 in
729 965 979 1004 personam
1014 953 1124 994 dicti
1159 953 1199 992 d.
1234 954 1372 1004 regis.

157 1037 418 1078 Secundum
454 1038 607 1078 (lictus
642 1037 682 1077 d.
712 1048 806 1087 rex,
841 1037 880 1076 si
914 1036 1129 1086 premissi
1164 1035 1337 1076 suerint
1362 1037 1618 1078 conformia
1656 1050 1738 1078 sue
1772 1043 1817 1078 et

43 1108 236 1149 aliorum
266 1120 424 1159 regum
462 1110 507 1149 et
532 1108 787 1159 principum
823 1107 1023 1158 opinioni
1060 1109 1104 1147 et
1142 1108 1488 1159 supplicacioni7
1524 1108 1657 1149 offert
1696 1109 1819 1148 dicto

41 1178 228 1219 domino
253 1180 432 1230 nostro,
468 1181 693 1230 quantum
719 1190 819 1218 cum
847 1178 942 1217 Deo
967 1179 1156 1228 poterit!
1193 1180 1368 1219 servire
1404 1180 1446 1218 in
1472 1179 1686 1219 omnibus
1713 1192 1818 1220 con-

43 1249 339 1291 cernentibus
375 1249 751 1291 consolacionem
781 1249 932 1289 anime
967 1261 1063 1294 sue,
1099 1250 1402 1290 securitatem
1431 1262 1628 1299 persone
1662 1252 1709 1290 et
1744 1250 1818 1291 de-

43 1320 250 1362 cenciam
285 1322 444 1361 status
478 1321 548 1361 sui
582 1320 627 1360 in
661 1320 762 1360 aliis
797 1319 882 1359 sibi
917 1319 1114 1360 honeste
1148 1320 1462 1370 possibilibus.

162 1401 235 1442 Ad
276 1414 362 1453 que
397 1415 517 1453 papa
559 1403 603 1442 in
638 1402 894 1443 continenti
930 1402 1059 1450 dixin
1103 1403 1225 1453 quod
1266 1405 1452 1443 attenta
1493 1404 1730 1454 gravitate
1766 1417 1819 1444 ac

43 1472 319 1514 difficultate
352 1474 547 1514 materie
589 1474 688 1524 ipse
731 1485 823 1513 non
856 1473 1126 1514 intendebat
1170 1486 1251 1524 per
1284 1486 1352 1524 ea,
1395 1486 1481 1524 que
1516 1474 1703 1523 diceret,
1750 1487 1818 1515 re-

46 1544 289 1595 spondere,
324 1556 427 1584 cum
462 1556 530 1596 ea,
571 1556 657 1595 que
691 1547 1046 1595 proposuerant,
1082 1545 1216 1585 valde
1251 1547 1485 1585 maturam
1521 1544 1817 1585 deliberacio-

43 1627 147 1655 nem
183 1616 435 1667 requirant,
470 1618 634 1667 utpote
677 1628 763 1667 que
798 1617 1002 1656 omnium
1040 1616 1400 1657 christianorum
1445 1616 1645 1656 examini
1680 1627 1818 1666 expo-

44 1688 249 1726 nentur.·
275 1685 471 1727 Volebat
506 1690 664 1727 tamen
698 1699 780 1737 per
813 1687 1098 1727 evidenciam
1135 1687 1290 1727 future
1323 1687 1644 1737 responsitmis
1679 1698 1816 1727 unum

45 1757 329 1808 premittere,
363 1769 419 1798 ne
454 1769 534 1808 per
565 1757 829 1808 generalem
866 1758 936 1798 vel
971 1758 1122 1798 minus
1147 1758 1391 1799 formalem
1426 1758 1706 1798 relacionem
1743 1757 1820 1797 ali-

46 1830 130 1879 ter,
165 1840 303 1878 quani
337 1840 413 1868 res
446 1829 491 1868 in
526 1829 727 1869 veritate
762 1840 811 1869 se
839 1828 1066 1874 habuerit„
1101 1841 1181 1869 rex
1217 1829 1440 1869 crederet.
1492 1828 1603 1869 Cum
1639 1828 1820 1879 dicitur,

46 1898 167 1949 quod
200 1900 271 1939 est
306 1898 601 1951 informatus„
635 1900 755 1950 quod
791 1912 909 1950 papa
944 1900 1277 1940 condescendit
1307 1900 1365 1940 ad
1400 1900 1552 1950 aliqua
1586 1902 1688 1949 etc„
1725 1930 1732 1938 .
1769 1931 1776 1938 .
1814 1931 1820 1939 .

45 1969 144 2019 ipse
177 1969 222 2009 in
255 1969 417 2010 eadem
452 1970 729 2021 intencione,
763 1971 808 2010 in
834 1982 923 2021 qua
947 1982 1130 2021 semper
1154 1970 1255 2021 suit,
1290 1982 1410 2010 nunc
1445 1973 1515 2011 est
1543 1972 1586 2010 et
1624 1970 1815 2010 intendIt

46 2051 152 2080 esse
175 2039 372 2081 Domino
408 2040 659 2081 adiuvante
683 2041 737 2081 de
773 2041 958 2081 omnino
986 2042 1278 2091 procurando
1315 2044 1361 2082 et,
1396 2041 1717 2092 prosequendo
1753 2052 1821 2091 ac,

48 2112 271 2161 quantum
306 2111 350 2151 iu
385 2123 438 2151 eo
463 2113 551 2163 est,
586 2111 791 2152 breviter
825 2112 1142 2152 concludendo
1166 2124 1327 2152 veram
1362 2112 1576 2153 unionem
1613 2111 1821 2161 ecclesie7

46 2181 155 2222 licet
188 2182 440 2223 secundum
478 2183 736 2223 varietates
771 2186 817 2224 et
851 2184 1176 2224 mutuaciones
1211 2195 1402 2224 casuum
1439 2186 1483 2223 et
1519 2183 1818 2233 negociorum

48 2253 395 2294 occurrencium
431 2266 535 2294 eum
571 2255 789 2304 oporteat
823 2254 1118 2305 respondere.

166 2323 294 2364 Unde
340 2324 384 2364 in
429 2325 537 2365 villa
583 2324 856 2376 Perpiniani,
903 2325 1008 2375 quia
1056 2324 1111 2365 ab
1161 2325 1262 2375 ipso
1309 2325 1503 2375 petitum
1554 2324 1654 2373 fuit„
1701 2324 1818 2374 quod

49 2394 251 2443 aperiret
284 2395 399 2446 vias‚
434 2408 514 2446 per
553 2408 669 2446 quas
705 2396 810 2437 nnio
853 2396 897 2435 in
931 2396 1012 2436 Dei
1055 2396 1253 2436 ecclesia
1298 2395 1563 2445 haberetur,
1610 2395 1816 2444 apperuit

51 2465 172 2504 viam
206 2465 388 2506 iusticie
427 2466 574 2516 primo
618 2466 720 2507 loco
766 2469 813 2506 et
857 2466 1060 2506 secundo
1096 2466 1216 2506 viam
1262 2465 1489 2506 cessionis
1533 2477 1636 2505 cum
1681 2465 1822 2505 certis

50 2535 255 2586 praticis⁷
289 2548 484 2586 quarum
517 2536 642 2576 nulla
674 2535 762 2577 fuit
796 2538 1057 2586 acceptata.

168 2604 341 2646 Postea
374 2618 484 2647 vero
520 2607 590 2647 die
626 2607 850 2657 sequenti7
895 2619 996 2647 cum
1033 2607 1184 2647 dictus
1224 2606 1510 2657 gubernatm·
1544 2606 1823 2647 recessisset

51 2677 241 2725 propter
287 2688 423 2727 nova,
474 2689 560 2727 que
605 2677 829 2718 habuerat
885 2678 939 2718 de
985 2678 1245 2728 periculoso
1291 2680 1422 2718 statu
1468 2689 1666 2728 persone
1713 2677 1821 2718 dicti

51 2745 220 2786 domini
245 2747 382 2798 regis,
403 2747 539 2788 dictis
565 2748 912 2798 archiepiscopo
937 2751 980 2789 et
1003 2748 1136 2789 fratri
1156 2748 1444 2789 Ferdinando
1470 2748 1820 2798 responsionem

51 2816 317 2867 petentibus
349 2830 469 2868 papa
502 2819 757 2869 respondit,
792 2819 925 2869 quod.
960 2821 1095 2869 prout
1131 2820 1216 2869 ipsi
1250 2819 1476 2865 sciebant,
1517 2831 1656 2870 super
1695 2819 1822 2860 sacto

51 2887 429 2929 habilitacionunl
454 2889 635 2930 illorum
661 2890 715 2930 de
740 2893 872 2940 parte
897 2890 985 2930 alia
1009 2889 1264 2930 fiendarun]
1289 2902 1370 2941 per
1388 2890 1561 2931 dictum
1587 2890 1821 2930 dominum

50 2961 280 3011 nostrum,
314 2962 365 3000 ut
399 2960 576 3010 plenius
619 2963 665 3001 et
705 2961 914 3001 securius
957 2961 1247 3012 deliberaret¹7
1293 2961 1399 3012 quid
1433 2964 1533 3001 erat
1581 2960 1823 3011 agendum,

53 3033 400 3071 convocaverat
424 3034 580 3073 certos
606 3033 812 3083 prelatos
836 3035 879 3073 et
913 3033 1091 3083 aliquos
1115 3032 1347 3073 notabiles
1375 3033 1513 3084 viros7
1539 3034 1587 3072 ut
1613 3033 1823 3072 venirent

54 3101 112 3143 ad
145 3103 387 3143 concilium
428 3116 509 3155 per
550 3106 701 3145 totum
746 3115 952 3145 mensem
1000 3103 1237 3145 Februarii
1284 3104 1490 3154 proxime
1534 3103 1822 3154 preteritum7
