2178 3404
130 181 170 215 E.
221 181 414 215 Benedikt
431 182 529 215 XIII.
557 193 591 215 u.
619 183 653 215 d.
681 183 818 216 Konzil
846 194 879 216 v.
908 183 942 217 d.
967 184 1220 217 Subtraktion
1249 184 1306 218 his
1335 185 1500 219 z.Wal1l
1528 185 1693 219 Martius
1714 187 1758 219 V.
1816 177 1897 219 571

128 290 260 340 sima,
295 290 637 331 concedemus?
683 290 779 340 Que
804 294 913 331 sunt
936 292 1044 332 illa‘?
1067 293 1275 343 queritis.
1323 294 1432 345 Ista,
1468 294 1525 334 ad
1549 306 1636 345 que
1661 307 1899 345 vocamur,

128 360 293 411 quibus
335 372 422 401 nos
466 361 564 401 sine
608 373 736 401 more
782 362 1021 412 dispendio
1064 363 1295 404 interesse
1338 364 1574 415 requiritis
1617 367 1661 405 et
1707 367 1900 416 rogatis.

129 429 441 480 Quamobrem
476 434 638 472 notum
674 432 871 473 facimus
906 435 1064 473 vestre
1098 434 1222 484 regie
1257 435 1511 486 maiestati,
1555 436 1677 486 quod
1710 448 1878 487 respon

127 501 284 542 siones
330 504 523 542 nostras
572 503 694 552 patri
738 504 900 543 vestro
947 504 1170 544 memorie
1218 505 1463 545 recolende
1512 506 1716 547 directas
1766 509 1900 547 tanto

126 573 312 612 tuemur
353 573 521 624 acrius,
565 574 740 624 quanto
785 573 1053 624 complexas
1096 576 1228 614 recta
1270 576 1457 616 racione
1500 578 1547 616 et
1591 588 1705 627 pura
1746 580 1901 618 mente

126 642 415 694 confidimus,
462 645 688 693 tantoque
734 643 821 684 illis
869 643 1147 684 adheremus
1194 645 1458 697 cordialius,
1511 649 1685 696 quanto
1741 648 1897 688 sedem

126 712 433 763 apostolicam
461 714 693 754 cernimus
718 714 979 765 impugnari
1007 715 1205 755 validius
1230 717 1277 756 et
1301 716 1469 756 iterum
1497 719 1631 758 tanto
1656 718 1899 759 sanctitati

124 782 296 824 domini
335 784 485 825 nostri
528 784 705 825 firmius
747 786 995 837 sequimur,
1036 788 1211 836 quanto
1256 798 1338 836 pro
1381 799 1493 837 pace
1534 788 1729 828 ecclesie
1769 789 1901 829 salva

123 853 387 895 maiestatis
413 856 570 895 vestre
594 856 864 896 reverencia
887 868 979 896 non
1005 856 1216 897 videmus
1241 868 1413 907 magna
1436 860 1483 897 et
1507 858 1735 899 mirabilia
1760 871 1901 909 opera

124 923 220 975 Dei,
245 936 331 975 que
354 936 446 965 non
471 925 645 966 cadunt
668 926 711 966 in
736 926 984 978 hominem,
1013 927 1127 967 utin
1151 926 1239 967 fine
1259 929 1418 968 vestre
1442 928 1596 969 littere
1621 929 1900 981 continetur,

124 995 205 1036 sed
239 1007 381 1047 opera
405 1008 626 1037 manuum
651 996 888 1037 hominum
913 997 1162 1038 manifeste
1191 998 1495 1048 impediencia
1518 999 1713 1040 ecclesie
1738 1012 1896 1040 veram

124 1078 286 1116 pacem
322 1066 580 1107 clarissime
620 1067 866 1108 intuemur.
932 1067 1098 1119 Tanto,
1139 1068 1340 1119 inquam,
1375 1069 1678 1110 sanctissimo
1714 1070 1899 1111 domino

123 1138 288 1177 nostro
322 1149 439 1188 pape
473 1138 755 1178 intendimus
790 1138 1013 1179 adherere
1047 1139 1253 1190 solidius,
1288 1141 1464 1190 quanto
1500 1140 1556 1181 ab
1581 1152 1634 1181 eo
1670 1141 1899 1192 recedere,

124 1210 176 1247 ut
208 1210 531 1258 perpetremus
555 1208 689 1249 nobis
718 1209 1036 1260 impossibilia,
1072 1210 1339 1251 indecencia
1361 1212 1409 1251 et.
1433 1212 1618 1261 penitus
1651 1211 1900 1252 inhonesta

122 1278 399 1329 requirimur
431 1281 478 1319 et
511 1291 768 1320 monemur.
834 1279 891 1320 Et
924 1282 975 1321 ut
1009 1281 1232 1321 sileamus
1267 1283 1424 1322 cetera
1457 1282 1502 1322 in
1536 1282 1757 1332 predictis
1793 1294 1898 1323 con-

124 1349 392 1390 vocacionis
428 1348 812 1391 Constanciensis
847 1353 1071 1392 contenta
1106 1352 1290 1404 litteris,
1325 1352 1490 1403 quibus
1515 1354 1562 1393 et
1595 1353 1743 1394 eciam
1778 1353 1897 1405 istis,

122 1431 208 1470 que
254 1420 297 1459 in
343 1420 548 1470 presenti
594 1421 845 1472 tangimus,
892 1422 1175 1472 respondere
1220 1423 1518 1475 intendimus,
1565 1425 1616 1464 ut
1655 1423 1896 1464 debemus:

122 1490 240 1531 unde
274 1492 361 1542 est,
395 1491 517 1542 quod
550 1503 775 1532 vocamur
809 1491 865 1532 ab
899 1492 1001 1543 illis,
1037 1505 1139 1533 cum
1166 1494 1330 1544 quibus
1366 1496 1587 1544 tanquam
1614 1506 1717 1535 cum
1752 1494 1897 1534 homi-

121 1560 256 1601 nibus
291 1562 630 1602 communionis
655 1562 802 1603 aliene
835 1563 1008 1603 nullum
1044 1563 1117 1604 fas
1152 1566 1225 1604 est
1249 1564 1382 1605 nobis
1417 1565 1530 1605 inire
1565 1567 1804 1606 certamen
1839 1566 1895 1606 ad

122 1631 444 1682 complendam
478 1632 868 1674 resormacionem
903 1635 1099 1675 ecclesie
1124 1637 1221 1675 tam
1256 1636 1299 1675 in
1336 1636 1488 1686 capite
1512 1648 1649 1686 quam
1684 1636 1728 1675 in
1754 1648 1895 1676 mem-

121 1701 249 1742 bris‘?
312 1701 658 1755 Complendam,
691 1704 892 1755 inquam,
927 1716 981 1744 ex
1017 1717 1106 1755 quo
1142 1706 1284 1756 liquet
1317 1706 1439 1746 illam
1475 1707 1890 1757 congregacitmem

121 1773 211 1813 iam
247 1772 503 1814 reformare
544 1774 743 1825 cepisse;
786 1777 832 1815 et
877 1787 966 1826 quo
1010 1776 1106 1816 iure
1142 1777 1330 1827 ceperit,
1375 1777 1558 1827 penitus
1607 1777 1892 1827 ignoramus.

122 1843 237 1884 Nam
272 1844 394 1894 quod
426 1856 517 1885 non
552 1845 700 1885 solum
735 1846 944 1896 predicta
984 1848 1305 1898 congregacio,
1340 1850 1413 1887 set
1447 1848 1594 1888 eciam
1626 1859 1764 1888 sacra
1788 1860 1894 1888 con-

123 1915 227 1955 cilia
272 1914 480 1956 Romane
525 1916 734 1967 ecclesie,
780 1918 919 1957 matri
965 1919 1268 1959 ecclesiarum
1315 1919 1519 1960 onmium
1566 1920 1613 1959 et
1655 1919 1896 1969 magistre,

123 1985 305 2035 possint
337 1986 574 2036 imponere
607 1987 747 2027 ullam
781 1987 930 2038 legem
965 1990 1012 2029 et
1035 1989 1191 2030 divina
1224 1991 1272 2030 et
1305 1990 1508 2030 humana
1541 1990 1640 2040 lege
1673 1991 1892 2040 negatum

121 2068 226 2097 esse
253 2056 503 2098 manifeste
528 2058 848 2110 cognovimus,
882 2071 990 2110 ymo
1015 2060 1163 2100 eciam
1192 2072 1330 2101 sacra
1354 2060 1549 2101 concilia
1583 2072 1663 2111 per
1687 2059 1896 2100 Romane

122 2126 315 2168 ecclesie
349 2128 681 2169 auctoritatem
716 2131 764 2169 et
787 2129 915 2171 sacta
948 2142 1054 2171 esse
1079 2133 1125 2171 et
1158 2131 1300 2172 robur
1331 2131 1570 2182 accepisse
1604 2131 1894 2179 didiscimus3

121 2199 169 2237 et
192 2198 313 2248 quod
346 2198 449 2249 ipsa
477 2198 688 2240 Romana
721 2201 934 2251 ecclesia,
970 2214 1055 2252 quc
1082 2202 1229 2252 prima
1253 2204 1340 2254 est,
1376 2202 1442 2242 ita
1465 2202 1651 2253 reliquis
1685 2202 1895 2242 ecclesiis

119 2268 246 2309 vices
281 2280 392 2309 suas
427 2270 621 2310 credidit
654 2271 931 2323 largiendas,
977 2279 1029 2312 ut
1062 2273 1105 2313 in
1140 2275 1320 2323 partem
1357 2274 1452 2313 sint
1484 2274 1654 2313 vocate
1688 2273 1893 2313 solicitu-

121 2339 252 2390 dinis,
276 2351 367 2381 non
385 2340 429 2380 in
450 2340 776 2391 plenitudinem
799 2344 1068 2392 potestatis.
1089 2346 1136 2383 et
1155 2344 1275 2394 quod
1294 2344 1430 2384 sedes
1451 2343 1640 2383 inferior
1658 2344 1890 2394 pociorem

121 2409 302 2450 solvere
325 2411 398 2451 vel
424 2410 568 2461 ligare
602 2423 693 2452 non
728 2414 887 2462 potest
920 2425 1056 2453 sacro
1092 2425 1268 2453 canone
1303 2415 1565 2454 attestante
1600 2414 1892 2455 credidimus.

120 2479 350 2530 Numquid
397 2492 508 2531 ergo
548 2482 824 2531 gloriabitur
867 2484 1044 2523 securis
1088 2486 1252 2524 contra
1292 2496 1410 2535 eum,
1454 2485 1527 2535 qui
1572 2487 1704 2525 secat
1747 2485 1788 2524 in
1824 2498 1893 2535 ea,

122 2551 204 2590 aut
237 2550 522 2591 exaltabitur
554 2564 685 2592 serra
719 2555 883 2593 contra
917 2566 1036 2605 eum,
1080 2555 1153 2605 qui
1190 2555 1335 2595 trahit
1366 2552 1521 2605 eam,¹)
1554 2558 1601 2595 et
1635 2556 1673 2595 si
1706 2555 1893 2606 gloriari

122 2621 232 2661 libet
264 2621 364 2672 ipsi,
399 2622 471 2672 qui
507 2622 665 2662 dicunt
698 2623 855 2663 sedem
892 2636 1074 2675 vacare,
1109 2625 1219 2665 sede
1244 2627 1444 2666 vacante
1477 2626 1521 2665 in
1555 2626 1712 2666 multis
1747 2628 1795 2666 et
1828 2626 1892 2665 in-

121 2691 271 2732 solitis
316 2692 699 2733 innovacionibus
747 2694 1016 2743 glorientur.
1096 2695 1237 2736 Nobis
1285 2708 1398 2737 vero
1448 2696 1570 2737 absit
1614 2696 1801 2747 gloriari
1848 2696 1889 2735 in

120 2762 303 2814 talibus,
336 2774 393 2803 ne
428 2763 717 2805 ambulemus
751 2765 794 2805 in
829 2766 1011 2816 magnis
1045 2778 1129 2807 nec
1152 2767 1197 2806 in
1231 2766 1516 2807 mirabilibus
1552 2778 1691 2817 super
1723 2779 1810 2807 nos
1843 2769 1891 2806 et

119 2833 377 2874 iustissime
426 2834 817 2885 reprehendamur
863 2838 1102 2887 tamquam
1149 2837 1282 2877 nobis
1329 2838 1502 2878 alciora
1550 2840 1798 2887 querentes
1844 2840 1886 2877 et

120 2903 324 2945 forciora
347 2906 595 2946 temerarie
615 2908 900 2958 scrutantes,
924 2908 1072 2958 nobis,
1097 2908 1298 2959 inquam,
1324 2908 1446 2948 veris
1467 2908 1674 2949 Romane
1697 2908 1891 2949 ecclesie

122 2974 432 3015 cardinalibus
467 2976 551 3016 sub
581 2976 848 3018 obediencia
883 2978 1169 3019 sanctissimi
1205 2979 1245 3018 d.
1270 2991 1311 3020 n.
1347 2990 1462 3029 pape
1497 2978 1891 3029 permanentilms,

241 3076 266 3122 1)
294 3078 416 3113 Zitate
446 3079 518 3113 wic
543 3078 578 3113 S.
607 3080 686 3115 50⁴4.
