2178 3404
534 199 569 229 (³.
625 198 690 229 l)i‹=
721 195 1049 233 Verbandlungen
1079 204 1153 227 von
1184 193 1415 234 Perpignan.
1778 181 1864 221 475

93 310 259 360 depost
283 308 509 359 quasdam
534 307 681 356 rcc'epi
707 306 891 345 litteras
913 307 1099 344 vestras
1124 314 1320 343 unacum
1348 301 1546 341 diversis
1575 300 1677 340 aliis
1705 299 1872 340 litteris

94 380 133 419 d.
170 379 324 430 regine
359 377 559 418 Castelle
593 379 636 416 et
675 376 714 415 d.
750 374 1086 424 archiepiscopi
1123 372 1332 413 Toletani
1368 384 1448 422 per
1485 383 1570 411 vos
1606 370 1872 420 procuratis

94 451 137 490 in
170 449 381 490 savorem
415 447 585 488 domini
619 446 783 485 nostri.
848 445 913 484 l)e
948 443 1112 494 quibus
1146 443 1265 483 idem
1299 442 1514 482 dominus
1550 444 1714 481 noster
1747 435 1872 493 etjde

93 521 178 571 his,
212 531 298 570 que
333 518 514 559 fecistis
549 517 621 564 1111.Ἰ
658 515 1050 566 complacenciam
1085 514 1248 554 habuit
1287 513 1582 567 singularem.
1648 512 1750 551 Misi
1791 523 1872 551 eas

95 591 257 632 statim
294 589 615 640 perpinianum
653 589 700 627 et
744 587 864 627 tradi
910 586 1011 635 feci7
1059 585 1223 636 quibus
1267 584 1539 634 diriguntur.
1603 583 1788 634 Dubito,
1835 583 1873 623 si

93 661 343 712 proderint.
404 660 521 700 Dum
548 670 824 709 responsum
848 656 1054 698 habuero
1080 668 1106 696 a
1131 655 1420 705 Perpiniano,
1445 654 1872 707 rescribamlvobis.

94 731 233 772 Esset
278 730 464 772 omnino
509 729 842 778 necessarium,
889 727 1011 777 quod
1056 726 1246 775 eisdem,v
1297 725 1461 775 quibus
1508 725 1734 775 scriptum
1786 727 1873 775 est,

93 802 267 843 forcius
301 801 589 842 rescribatur
621 801 665 840 in
700 799 910 840 favorem
945 797 1115 839 domini
1150 797 1315 843 nosti-i,
1349 808 1454 836 nam
1497 796 1684 845 domini,
1709 796 1874 847 quibus

94 875 134 915 d.
170 873 329 923 regina
362 874 409 913 et
443 872 482 911 d.
517 871 895 921 archiepiscopus
942 869 1245 919 scripserunt„
1292 867 1358 908 ita
1405 870 1513 907 sunt
1559 866 1769 908 obcecati
1814 871 1862 908 et

94 945 138 985 in
172 944 414 985 voluntate
449 942 697 983 tribulandi
732 941 977 981 ecclesian]
1013 942 1061 980 et
1095 939 1328 979 dominum
1366 940 1580 979 nostrum
1631 937 1874 978 obstinatr

94 1015 216 1067 quod
248 1027 341 1056 non
374 1014 531 1054 vident
570 1013 817 1053 veritatem
859 1023 1006 1061 neque
1053 1010 1248 1051 audiunt
1292 1009 1523 1049 iusticiam
1573 1020 1657 1049 nec
1702 1009 1759 1049 ad
1805 1021 1873 1049 ea.

95 1099 181 1138 que
215 1086 281 1127 eis
317 1085 598 1130 scribuntur,
633 1083 898 1124 advertunt.
963 1082 1149 1130 Dubito,
1172 1093 1229 1121 ne
1254 1083 1444 1131 propter
1466 1080 1555 1121 illa.
1587 1092 1673 1131 que
1697 1080 1871 1121 faciunt

94 1158 340 1208 ignorante
375 1156 415 1196 d.
450 1155 624 1205 regina,
660 1154 729 1195 cui
764 1153 926 1194 forsan
961 1153 1100 1193 datur
1132 1151 1323 1202 intelligi
1358 1163 1497 1191 unum
1529 1163 1610 1201 pro
1645 1151 1749 1201 alio,
1774 1163 1874 1202 reg-

95 1240 202 1268 num
240 1226 453 1275 (⁷¹astelle„
489 1226 609 1277 quod
639 1225 776 1275 absit„
800 1225 844 1264 in
870 1223 1189 1265 confusionem
1216 1223 1433 1263 trahatur
1455 1224 1503 1262 et
1527 1222 1873 1263 detrimentum.

98 1299 163 1339 Ex
209 1310 297 1350 quo
344 1298 464 1338 enim
512 1297 725 1338 dominus
771 1297 936 1336 noster
978 1306 1089 1335 suas
1136 1295 1343 1344 praticas
1391 1296 1584 1334 sanctas
1630 1296 1678 1334 et
1723 1294 1874 1334 iustas

96 1370 222 1410 dedit
256 1369 313 1410 ad
344 1369 467 1409 viam
502 1367 872 1409 renunciacionis
908 1378 987 1416 per
1019 1378 1123 1406 eum
1159 1365 1365 1405 oblatam
1402 1377 1454 1405 ac
1490 1363 1874 1415 requisicionibus

99 1441 183 1482 sibi
230 1440 371 1481 factis
422 1439 656 1480 satisfecit
707 1440 753 1478 et
798 1438 1039 1488 respondit
1082 1437 1310 1480 effective,
1358 1438 1580 1487 quantum
1631 1447 1731 1476 cmn
1777 1435 1873 1475 Deo

98 1512 263 1563 potuit,
298 1512 437 1562 prout
469 1511 513 1550 in
546 1510 716 1550 litteris
751 1511 798 1549 et
832 1508 1169 1559 scripturarum
1206 1507 1350 1557 copiis
1387 1519 1467 1557 per
1502 1519 1573 1547 me
1598 1507 1731 1547 vobis
1766 1506 1873 1546 mis-

99 1583 164 1623 sis
198 1582 376 1634 plenius
411 1577 689 1629 coiitinetur,
724 1580 763 1619 d.
799 1591 878 1620 rex
920 1579 1189 1629 Amgonum
1238 1578 1414 1622 videns„
1458 1577 1579 1628 quod
1625 1577 1783 1618 oblata
1829 1580 1871 1618 et

98 1655 206 1695 acta
252 1665 332 1704 per
380 1653 614 1694 dominum
660 1654 890 1695 nostrum,
934 1651 1149 1701 quamvis
1196 1649 1281 1689 sibi
1329 1649 1567 1699 placerent
1615 1651 1662 1689 et
1708 1650 1872 1688 sancta

98 1724 380 1775 viderentur⁷
404 1735 486 1774 per
508 1735 610 1763 eum
637 1722 828 1762 laudata
851 1724 895 1762 et
922 1721 1181 1773 approbata
1206 1733 1295 1761 non
1321 1719 1568 1770 placebant
1592 1719 1875 1770 imperatori,

100 1796 261 1836 volens
295 1794 500 1845 proinde,
534 1793 706 1839 nescio,
743 1793 779 1832 si
816 1805 894 1843 pre
930 1793 1097 1833 timore
1131 1791 1204 1832 vel
1239 1791 1353 1831 alias
1379 1793 1654 1832 contentare
1678 1790 1874 1841 impera-

101 1869 250 1907 torem
285 1868 333 1907 et
365 1866 526 1917 pocius
561 1865 795 1906 offendere
829 1865 973 1904 Deum
1010 1866 1053 1904 et
1090 1863 1336 1903 ecclesiam
1374 1862 1595 1902 tribulare
1626 1873 1763 1912 quam
1790 1860 1875 1901 sibi

100 1937 356 1988 displicere,
402 1938 511 1987 post
552 1948 791 1977 recessum
838 1935 1009 1976 domini
1055 1935 1205 1975 nostri
1250 1934 1438 1974 diversa
1485 1932 1680 1973 consilia
1726 1932 1876 1972 tenuit

101 2020 203 2049 cum
239 2006 640 2049 ambaxiatoribus
675 2006 875 2047 (*astelle
911 2018 965 2047 ac
1000 2005 1192 2056 prelatis
1227 2007 1274 2045 et
1308 2005 1409 2045 aliis
1445 2004 1556 2044 viris
1592 2005 1689 2044 tani
1731 2002 1875 2043 eccle-

101 2078 306 2119 siasticis
341 2090 477 2129 quam
512 2077 656 2128 laicis7
700 2077 850 2128 magis
886 2077 929 2116 in
971 2076 1363 2127 complacenciain
1406 2074 1704 2125 imperatoris
1738 2085 1875 2124 quam

101 2150 273 2190 domini
306 2149 455 2190 nostri
490 2149 557 2190 ita
590 2149 718 2190 facta
753 2161 838 2189 sua
878 2148 1193 2198 iustificantis‚
1241 2147 1362 2187 sicut,
1396 2146 1579 2186 videtis.
1644 2144 1725 2185 Ubi
1770 2156 1876 2185 con-

101 2221 279 2261 clusum
313 2220 401 2261 fuit
435 2232 516 2270 per
549 2231 710 2260 omnes
747 2219 905 2269 paucis
940 2219 1148 2269 exceptis
1174 2217 1569 2258 substractionem
1604 2216 1752 2257 locum
1786 2227 1877 2256 11011

100 2291 269 2332 habere
302 2303 385 2332 nec
419 2291 516 2331 fieri
552 2303 691 2341 posse
726 2290 901 2341 absque
934 2289 1016 2330 Dei
1052 2289 1254 2338 offensa3
1296 2288 1377 2329 sed
1423 2288 1590 2338 depost
1637 2289 1875 2327 tantorum

101 2363 329 2403 malorum
362 2362 628 2403 incentores
663 2364 705 2401 ct
745 2361 867 2412 regis
901 2361 1191 2411 deceptores,
1226 2360 1300 2410 qui
1342 2359 1426 2399 sub
1473 2359 1570 2399 zelo
1616 2357 1723 2398 boni
1770 2356 1875 2397 sub-

102 2433 408 2473 stractionem
444 2435 489 2473 et
524 2433 613 2472 alia
643 2432 953 2482 dampnabilia
978 2432 1168 2472 auribus
1192 2431 1532 2481 impresserant
1556 2423 1876 2481 1·egis,{viden-

103 2506 176 2543 tes
210 2515 369 2543 eorum
404 2515 653 2553 perversas
689 2502 1064 2543 machinaciones
1099 2504 1146 2542 et
1168 2513 1419 2553 perversos
1451 2501 1689 2541 tractatus
1723 2499 1876 2539 detec-

104 2576 179 2614 tos
214 2575 261 2614 et
295 2573 691 2614 substractionem
726 2572 820 2613 fieri
868 2584 959 2613 non
1005 2584 1159 2623 posse,
1206 2572 1263 2613 ad
1310 2572 1425 2613 alias
1471 2571 1586 2622 vias,
1634 2582 1714 2621 per
1760 2578 1877 2620 quas

104 2644 231 2694 sequi
291 2646 449 2694 posset
495 2644 742 2685 concordia
788 2644 912 2694 regis
959 2656 1061 2685 cuin
1108 2644 1390 2694 imperatore
1445 2644 1610 2684 contra
1660 2644 1875 2683 sanctum

104 2714 301 2765 Domini,
335 2717 379 2754 et
416 2715 473 2755 ad
508 2715 623 2755 alios
658 2715 870 2755 diversos
905 2714 1071 2755 modos
1111 2716 1159 2755 et
1198 2715 1409 2755 secretos
1451 2715 1688 2754 tractatus
1729 2712 1876 2752 diver-

105 2786 262 2826 terunt
295 2787 338 2825 et
375 2798 401 2826 a
436 2786 511 2826 via
556 2788 685 2826 recta
731 2785 974 2826 deviantes
1021 2786 1213 2826 consilia
1259 2785 1560 2836 particularia
1602 2785 1650 2825 et
1694 2785 1879 2824 secreta

107 2856 251 2896 teneri
285 2859 608 2908 procurarunt7
643 2857 814 2908 sicque⁷
851 2856 923 2897 ubi
957 2856 1179 2897 deberent
1214 2857 1314 2897 vias
1360 2859 1407 2897 et
1453 2856 1660 2907 praticas
1706 2855 1875 2895 domini

106 2927 255 2967 nostri
290 2928 519 2978 prosequi7
554 2928 594 2967 d.
619 2940 699 2968 rex
734 2930 781 2968 et
816 2927 889 2968 alii
924 2928 978 2968 de
1008 2927 1201 2968 concilio
1238 2939 1322 2968 suo
1348 2939 1450 2968 cum
1476 2925 1877 2967 ambaxiatoribus

108 2996 308 3038 Castelle
340 3009 433 3038 non
466 3000 649 3039 vocatis
682 2999 876 3049 prelatis
911 3001 956 3039 et
993 2999 1107 3049 aliis,
1154 3010 1349 3049 quorum
1396 2998 1594 3038 interest
1628 3008 1877 3047 procurare

108 3068 304 3108 salutem
342 3069 600 3109 animarum
634 3070 701 3110 eis
736 3070 1109 3118 commissarum,
1145 3071 1329 3109 secreta
1353 3068 1546 3110 consilia
1570 3070 1617 3108 et
1641 3069 1876 3108 tractatus
