2178 3404
637 165 823 206 Anhang:
851 163 928 198 Zur
955 164 1083 207 ‚realis
1111 164 1364 198 obediencia.
1801 155 1887 197 365

264 276 401 317 Dema
442 276 564 316 (Ile-se
596 274 808 327 Amyriffc
849 274 1056 314 ltrsinlccn
1101 274 1219 314 (tirell
1260 274 1334 314 die
1366 272 1527 314 It'eclzfe
1559 274 1641 314 der
1673 273 1886 325 Fiirslen,

264 348 347 388 wic
370 346 612 387 bes-ovders
644 345 723 385 des
745 343 1064 397 Pfalzgymfen,
1099 345 1172 385 die
1199 345 1281 385 rie(
1311 345 1394 397 fiir
1420 345 1494 385 (lie
1524 344 1667 385 Vm'on
1692 346 1889 397 gyeleistet

263 417 422 459 haben.
486 415 760 468 Heidelberg]
798 416 911 455 141&
944 414 1154 456 Febrmtr
1188 418 1253 456 12.

237 486 324 522 Coa.
353 485 481 519 Palat.
511 485 588 517 701.
612 496 650 528 p.
678 485 703 517 2
725 485 753 528 f.
781 484 860 517 350.

234 558 639 600 Reverendissime
672 560 806 608 pater
839 560 886 597 et
920 557 1103 597 domine
1132 558 1512 607 singulariss'ime.
1568 558 1679 599 Post
1711 571 1889 600 recom-

115 630 479 671 mendacionem.
534 628 714 669 Pridem
742 628 830 668 fide
854 628 991 678 digna
1016 628 1247 669 relacione
1269 629 1404 669 nobis
1428 629 1557 670 sacta
1580 630 1887 681 suscepimus,

117 700 239 752 quod
280 699 611 741 sanctissimus
654 699 698 739 in
733 698 918 739 s'hristo
963 700 1096 749 pater
1138 700 1183 739 et
1219 699 1432 739 dominus
1467 700 1708 751 Martinus,
1752 701 1890 749 digna

116 771 198 811 Dei
231 770 530 822 providencia
563 772 868 811 sacrosancte
902 769 1110 810 Romane
1145 782 1197 810 ac
1229 769 1508 810 universalis
1542 770 1736 811 ecclesie
1765 783 1889 811 sum-

115 853 219 882 mus
252 840 474 892 pontifex,
521 840 735 881 dominus
777 842 941 880 noster
986 840 1413 891 metuendissimus,
1457 841 1702 881 materiam
1751 854 1890 892 super

114 911 227 952 reali
260 911 530 952 obediencia
563 911 733 952 dudum
779 911 823 951 in
870 922 1006 951 sacro
1054 911 1409 952 Constanciensi
1457 912 1649 952 concilio
1695 913 1889 953 ventila-

115 985 213 1023 tam
232 978 263 1034 ¹)
294 993 378 1033 pro
411 982 642 1023 relacione
681 994 763 1022 sue
798 982 1043 1023 sanctitati
1091 994 1143 1022 ac
1190 994 1271 1032 pro
1318 982 1640 1023 declaracione
1682 983 1887 1023 eiusdem

115 1053 311 1094 materie
345 1052 558 1094 facienda
582 1055 740 1093 vestre
765 1053 1152 1093 reverendissime
1177 1053 1451 1103 paternitati
1476 1055 1519 1093 et
1547 1053 1728 1094 cuidam
1757 1054 1888 1094 alteri

116 1123 171 1163 de
216 1123 619 1164 reverendissimis
666 1124 705 1164 d.
753 1123 1065 1164 cardinalibus
1113 1124 1401 1164 commiserit
1447 1124 1721 1165 audiendam
1772 1157 1778 1165 .
1828 1158 1835 1165 .
1882 1158 1889 1165 .

115 1193 330 1234 Nonnulli
354 1193 409 1234 de
429 1194 698 1235 obediencia
717 1194 822 1234 olim
847 1194 1088 1246 Johannis,
1106 1195 1151 1234 in
1176 1206 1265 1245 qua
1288 1206 1373 1235 nos
1393 1191 1638 1245 ‹lictique‘2)
1660 1196 1890 1246 principes

116 1266 165 1305 et
217 1265 381 1315 prelati
429 1274 665 1316 nunquam
715 1264 969 1317 fueramus,
1020 1266 1179 1316 vigore
1228 1265 1516 1317 quarundam
1564 1268 1886 1317 pretensarum

115 1335 379 1385 graciarum
415 1335 501 1376 sibi
535 1348 616 1386 per
648 1336 844 1377 eundem
881 1337 987 1377 olim
1021 1336 1281 1377 ‚Johannem
1306 1336 1554 1388 factarum⁷
1580 1340 1631 1378 ut
1655 1341 1889 1389 asserunt,

117 1402 372 1459 [beneficia]
414 1418 644 1457 occupare
685 1408 840 1448 conati
886 1410 993 1448 sunt
1029 1410 1074 1448 et
1122 1411 1354 1449 conantur
1402 1408 1524 1449 forte
1569 1409 1624 1448 de
1671 1409 1889 1459 presenti.

116 1476 312 1528 Propter
344 1477 465 1528 quod
499 1478 646 1519 eciam
681 1490 776 1524 eos,
797 1478 870 1529 qui
896 1490 976 1529 per
1008 1479 1159 1529 ipsum
1185 1479 1225 1519 d.
1251 1480 1357 1520 olim
1383 1478 1655 1530 Gregorium
1688 1480 1889 1520 mediate

115 1549 185 1589 vel
220 1548 488 1589 immediate
522 1561 603 1589 seu
640 1561 719 1600 per
753 1549 1014 1590 ordinarios
1050 1550 1108 1590 ad
1141 1550 1405 1591 huiusmodi
1439 1550 1662 1591 beneficia
1688 1551 1888 1601 promoti

117 1622 240 1671 sunt,
274 1619 382 1660 licet
415 1619 470 1660 de
504 1619 633 1661 facto
668 1624 712 1660 et
749 1620 900 1660 minus
935 1621 1056 1661 iuste
1092 1634 1143 1661 ac
1181 1624 1345 1662 contra.
1378 1621 1567 1662 decreta
1614 1621 1735 1662 sacri
1782 1633 1889 1662 con-

117 1691 205 1732 cilii
238 1690 493 1731 molestare
526 1692 571 1731 et
606 1691 796 1731 turbare
830 1702 921 1731 non
957 1695 1201 1732 cessarunt
1251 1704 1396 1742 usque
1442 1692 1593 1732 modo.
1658 1691 1889 1732 Reveren-

116 1761 357 1802 dissimam
406 1761 738 1812 paternitatem
788 1764 998 1802 vestram
1048 1762 1366 1813 supradictam
1416 1774 1637 1813 rogamus
1693 1766 1888 1813 attente,

116 1834 346 1882 quatenus
381 1832 504 1873 circa
538 1832 814 1883 premissam
857 1833 1100 1874 materiam
1149 1834 1214 1874 sic
1261 1834 1526 1884 prudenter.
1570 1836 1616 1874 ut
1665 1834 1793 1874 novit
1842 1838 1885 1874 et

116 1903 260 1944 moris
294 1903 365 1943 sui
399 1905 487 1954 est,
532 1914 670 1954 agere
704 1903 813 1943 velit
860 1906 905 1944 et
953 1904 1182 1955 dignetur,
1229 1908 1278 1945 ut
1327 1904 1660 1956 suprascriptis
1706 1908 1890 1945 mature

115 1974 325 2024 pensatis
358 1973 433 2025 hii,
478 1974 553 2025 qui
586 1974 631 2014 in
665 1974 879 2015 dominiis
922 1975 1100 2015 nostris
1135 1978 1179 2015 et
1216 1975 1317 2015 aliis
1352 1975 1634 2026 supradictis
1668 1976 1890 2017 beneficia

115 2056 201 2085 sua
236 2044 292 2085 ab
326 2044 427 2095 ipso
462 2045 569 2085 olim
604 2045 643 2085 d.
670 2043 892 2096 Gregorio
927 2045 1129 2086 mediate
1161 2046 1231 2086 vel
1265 2046 1533 2087 immediate
1568 2051 1889 2098 susceperunt,

116 2114 291 2166 absque
326 2115 571 2156 cuiuslibet
605 2115 659 2156 de
693 2115 819 2156 dicta
853 2116 959 2156 olim
994 2116 1220 2157 .Johannis
1255 2117 1523 2158 obediencia
1553 2118 1890 2158 molestacione

116 2188 163 2225 et
195 2185 541 2238 impedimento,
576 2186 965 2236 quemadmodum
1000 2190 1130 2228 recta
1164 2188 1291 2228 racio
1326 2190 1371 2228 et
1407 2188 1589 2238 equitas
1614 2191 1890 2239 exposcunt,

118 2256 306 2297 valeant
338 2268 594 2297 remanere.
660 2256 705 2296 Si
739 2269 938 2308 namque
963 2269 1114 2309 secus,
1139 2258 1260 2308 quod
1285 2258 1421 2309 absit,
1445 2258 1591 2309 fieret,
1621 2271 1713 2300 non
1738 2260 1886 2300 solum

116 2326 379 2368 huiusmodi
415 2326 673 2368 beneficiati
709 2330 875 2368 contra
907 2328 1053 2368 Deum
1088 2331 1132 2368 et
1168 2329 1401 2370 iusticiam
1438 2341 1490 2369 ac
1526 2330 1669 2380 ipsius
1700 2329 1888 2370 decreta

118 2397 297 2438 concilii
330 2398 452 2438 sacri
485 2401 810 2449 gravarentur,
847 2399 928 2439 sed
972 2410 1059 2439 nos
1105 2399 1233 2449 ipsos
1279 2399 1522 2450 dictosque
1568 2400 1796 2451 principes
1843 2403 1887 2440 et

120 2467 324 2516 prelatos
350 2468 589 2518 ipsamque
614 2468 944 2519 obedienciam,
969 2470 1013 2509 in
1038 2482 1141 2520 qua,
1167 2470 1285 2510 sicut
1312 2469 1557 2520 prefertur,
1582 2471 1888 2521 perstitimus,

119 2537 248 2577 cuius
282 2539 439 2578 tamen
472 2538 706 2579 iusticiam
741 2550 823 2579 seu
856 2539 1136 2580 iniusticiam
1172 2540 1294 2580 sicut
1321 2542 1367 2580 et
1401 2540 1593 2581 alterius
1622 2540 1887 2582 obediencie

120 2618 306 2648 sacrum
340 2608 582 2648 concilium
631 2609 870 2660 dereliquit
918 2610 1245 2662 indiscussam,
1292 2611 1443 2651 minus
1490 2611 1691 2660 iustosss)
1735 2613 1887 2653 notari

116 2678 407 2728 contingeret
434 2682 478 2718 et
510 2680 711 2729 gravari.
745 2680 866 2730 quod
899 2681 1056 2731 utique
1091 2681 1301 2732 prefatos
1336 2682 1542 2732 prelatos
1568 2685 1614 2723 et.
1650 2683 1879 2733 principes

119 2750 165 2788 et
200 2749 445 2799 presertim
478 2761 565 2789 nos
598 2750 742 2801 ipsos,
778 2751 850 2801 qui
887 2763 968 2801 pro
1004 2752 1123 2792 bono
1170 2753 1352 2793 unionis
1398 2752 1594 2793 feliciter
1638 2753 1888 2794 obtinendo

235 2886 268 2919 a)
288 2885 335 2913 Hs
356 2886 455 2912 iusto.

240 2946 264 2990 ¹)
292 2947 352 2981 Im
378 2947 590 2991 September
616 2950 728 2985 1416.-
756 2950 824 2992 rql.
855 2951 989 2984 Hardt
1015 2951 1075 2985 JV
1098 2952 1177 2985 897.

237 3004 264 3048 2)
292 3005 343 3039 Es
380 3008 534 3041 werden
573 3008 663 3041 aber
697 3008 805 3042 hcine
840 3009 1074 3044 vamentlich
1116 3010 1338 3053 angyefiihrt.
1391 3011 1443 3045 Es
1474 3012 1568 3044 sind
1606 3011 1704 3045 wohl
1740 3012 1801 3045 die
1837 3013 1888 3045 im

121 3063 258 3098 Dekret
285 3064 346 3099 ,Ut
374 3068 538 3107 utreque
566 3092 574 3099 .
602 3093 608 3099 .
637 3072 655 3099 ,⁸
706 3067 855 3109 (Harsa
882 3069 942 3102 IV
964 3070 1044 3103 ⁸97.
1072 3069 1206 3104 Munsi
1234 3068 1392 3103 XXVII
1414 3071 1497 3112 943)
1523 3072 1753 3112 yenaunten.
