2178 3404
293 149 379 189 334
689 157 730 189 ῐΙ.
758 156 977 189 Abschnitt.
1030 155 1178 196 Gregor
1204 144 1285 188 X'H.
1313 155 1390 189 und
1418 154 1490 189 das
1517 156 1664 189 Konzil.

411 266 602 306 Arimini
653 263 931 304 Mct'ccxv
966 264 1070 304 Maii
1106 263 1407 314 pontificatus
1442 264 1482 305 d.
1519 264 1727 316 Gregorii
1771 278 1891 307 anno
1926 278 2062 307 nono.

411 335 589 378 Octava
608 336 640 381 ²¹)
673 336 743 375 die
779 335 953 375 mensis
988 335 1092 374 Maii
1127 335 1425 385 presentibus
1460 335 1499 375 d.
1533 335 1746 377 Johanne
1776 337 1830 377 de
1858 337 2062 378 Bononia

293 408 474 459 prefato
510 413 553 447 et
590 406 797 447 Nicolino
832 406 886 446 de
912 406 1202 446 Carbonibus
1238 406 1500 446 litterarum
1527 408 1894 457 apostolicarum
1921 408 2064 458 scrip-

294 487 394 519 tore
414 478 534 529 apud
566 480 780 517 sanctum
803 476 1047 517 t'ataldum
1067 477 1111 516 in
1132 488 1317 517 camera
1339 477 1594 518 residencie
1612 478 1990 519 reverendissimi
2024 478 2064 518 d.

293 551 344 590 A.
366 549 610 589 camerarii
638 548 803 588 Petrus
826 547 1022 587 ‚Iosalini
1049 548 1282 597 porterins
1304 548 1447 598 prime
1473 550 1606 598 porte
1630 549 1875 599 apostolici
1900 548 2064 599 palacii

291 620 552 660 translatus
588 630 668 669 per
702 619 741 658 d.
777 631 818 658 11.
842 631 1012 669 papam
1038 619 1095 658 ad
1120 624 1303 668 portam
1330 618 1529 659 ferream
1558 619 1668 659 dicti
1701 619 1866 670 palacii
1894 619 2061 660 iuravit

292 691 494 731 officium
531 691 574 730 in
608 690 759 730 forma
795 701 991 730 camere.

411 773 767 824 Quintodecimo
781 767 814 821 ¹³)
846 772 1021 813 mensis
1057 772 1162 812 Maii
1189 772 1298 813 dicti
1325 773 1430 812 anni
1455 784 1535 823 per
1561 772 1767 813 cedulam
1796 784 1890 813 rev.
1917 773 2065 823 patris

291 846 329 885 d.
367 845 647 885 thesaurarii
683 856 767 885 suo
801 856 947 895 parvo
983 844 1166 894 signeto
1202 844 1429 884 munitam
1473 848 1517 884 et
1552 855 1632 894 per
1679 855 1918 885 cursorem
1965 856 2064 895 pre-

289 921 527 956 sentatam
553 915 637 956 fuit
664 915 937 955 mandatum
963 915 1002 954 d.
1029 915 1258 964 potestati
1284 914 1578 965 Ariminensi.
1598 918 1829 966 quatenus
1853 914 2065 955 relaxare

289 987 477 1028 deberet
527 990 571 1026 et
620 985 815 1026 liberare
861 986 1140 1035 magistrum
1178 986 1430 1026 Antonium
1479 986 1532 1025 de
1576 985 1791 1026 Ferraria
1839 985 2063 1036 pictorem

290 1066 512 1108 tanquam
550 1061 851 1097 cortesanmn
887 1056 1095 1097 Romane
1131 1058 1268 1098 curie.
1303 1063 1347 1097 et
1385 1057 1423 1096 si
1459 1057 1559 1107 quis
1595 1057 1650 1097 ab
1691 1068 1744 1097 eo
1781 1060 1939 1107 petere
1974 1056 2064 1096 vel-

289 1130 347 1169 let
385 1129 568 1180 aliquid.
614 1134 904 1178 compareret
954 1140 1111 1168 coram
1159 1128 1318 1168 eodem
1367 1128 1406 1167 d.
1443 1127 1739 1168 thesaurario
1787 1131 2062 1177 recepturus

287 1200 470 1240 iusticie
506 1199 911 1249 complementum.

409 1279 696 1329 Millesimffl‘)
730 1282 1188 1333 quadringentesimo
1224 1282 1568 1334 quintodecimo
1603 1281 1854 1322 indictione
1879 1283 2064 1331 octava,

288 1355 359 1396 die
395 1357 560 1404 quarta
597 1353 772 1393 mensis
804 1352 942 1394 Junii.
977 1354 1308 1394 sanctissimus
1342 1354 1385 1393 in
1411 1352 1596 1393 Christo
1622 1356 1756 1403 pater
1779 1357 1821 1392 et
1850 1352 2063 1392 dominus

287 1431 450 1466 noster
484 1425 523 1464 d.
560 1424 811 1474 tiregorius
845 1424 998 1464 divina
1035 1425 1333 1475 providencia
1376 1437 1493 1475 papa
1529 1423 1621 1464 XII.
1657 1427 1848 1474 propter
1882 1426 2061 1473 pestem

288 1497 521 1547 vigentem
558 1495 750 1535 Arimini
786 1495 1027 1536 transtulit
1064 1508 1115 1536 se
1150 1507 1252 1537 cum
1288 1508 1373 1536 sua
1399 1496 1524 1536 curia
1551 1495 1607 1536 ad
1638 1498 1847 1535 castrum
1872 1494 2063 1535 Montis-

286 1568 447 1608 florum
486 1566 794 1607 Ariininensis
829 1566 1042 1607 diocesis.

286 1710 418 1750 Vllll.

402 1781 484 1821 Die
500 1776 533 1825 ¹¹)
576 1780 706 1820 Xllll.
740 1779 863 1820 .1111111
904 1780 946 1819 111
994 1792 1101 1821 arce
1145 1780 1483 1821 Montisssorum
1521 1780 1829 1821 Ariininensis
1863 1779 2063 1820 diocesis

286 1854 329 1893 in
366 1864 553 1894 camera
587 1852 877 1893 sanctissimi
900 1852 943 1891 in
970 1850 1123 1892 t‘risto
1152 1853 1299 1902 patris
1324 1856 1367 1892 et
1395 1852 1567 1891 domini
1602 1851 1754 1892 nostri
1787 1851 1828 1891 d.
1854 1850 2061 1901 Gregorii

287 1925 441 1965 divina
478 1923 774 1974 providencia
812 1934 927 1972 pape
962 1922 1054 1962 Xll.
1081 1922 1200 1962 idem
1227 1923 1441 1963 dominns
1466 1924 1629 1963 noster
1652 1922 1892 1963 mandavit
1925 1921 2062 1962 michi

285 1995 471 2036 notario
496 1994 619 2035 nullo
645 1994 793 2034 altero
820 1999 1050 2044 presente.
1071 1999 1302 2044 quatenus
1323 1998 1552 2044 notarem,
1573 1993 1695 2044 quod
1719 2005 1803 2033 sua
1829 1992 2063 2034 sanctitas

287 2067 549 2107 reservavit
585 2065 670 2105 sibi
705 2065 790 2105 hac
826 2065 1031 2115 presenti
1067 2065 1137 2105 die
1173 2065 1475 2105 collacionein
1500 2068 1544 2105 et
1572 2064 1884 2115 provisionem
1918 2063 2062 2104 omni-

285 2150 357 2178 um
415 2136 744 2177 beneficiorum
798 2136 1195 2186 preceptoriarum
1248 2140 1292 2176 et
1340 2135 1669 2178 membrorum.
1717 2147 1803 2186 que
1852 2138 1896 2175 et
1945 2146 2062 2185 quos

282 2209 515 2260 quondam
550 2208 589 2247 d.
628 2207 792 2247 Petrus
827 2206 882 2246 de
917 2206 1122 2247 Perusio.
1159 2211 1404 2256 breceptor
1438 2207 1605 2247 domus
1640 2206 1792 2247 sancti
1827 2205 2062 2246 Michaelis

283 2280 337 2320 de
387 2279 594 2319 Arimino
643 2278 816 2318 ordinis
864 2277 1017 2317 sancti
1063 2277 1290 2317 ‚lohannis
1347 2276 1729 2318 .]ei·osoli1nitani.
1777 2277 1883 2317 dum
1931 2277 2061 2326 vixit,

284 2350 540 2390 obtinebat.

399 2422 514 2466 Die‘*)
532 2421 623 2460 ΧΗ.
642 2420 763 2461 ,1111111
785 2427 894 2460 ante
912 2423 1095 2470 portam
1114 2418 1423 2459 habitacionis
1449 2418 1826 2459 reverendissimi
1851 2418 1891 2458 d.
1910 2429 2060 2458 came-

281 2494 403 2544 rarii,
424 2491 718 2543 presentibus
740 2490 1131 2531 reverendissimo
1153 2490 1195 2530 in
1217 2490 1402 2530 (bristo
1424 2493 1558 2540 patre
1581 2493 1625 2529 et
1647 2489 1687 2529 d.
1709 2489 1919 2529 Gabriele
1939 2489 2059 2529 tituli

281 2576 315 2603 s.
354 2562 605 2604 (dementis
652 2562 928 2613 presbytero
974 2561 1210 2602 cardinali.
1246 2561 1285 2600 d.
1324 2560 1652 2601 Hartlmlomeo
1700 2560 1755 2600 de
1790 2559 2059 2600 Urbeveteri

282 2647 467 2675 camere
503 2634 683 2684 prefate
718 2632 884 2673 clerico
931 2635 975 2672 et
1026 2631 1233 2682 pluribus
1281 2631 1382 2672 aliis
1428 2631 1642 2682 egregius
1692 2631 1844 2681 legum
1894 2630 2061 2671 doctor

281 2705 321 2745 d.
358 2704 560 2745 Sanctus
586 2704 640 2743 de
668 2703 875 2743 vivianis
901 2708 1124 2753 tanquam
1152 2706 1431 2753 procurator
1454 2707 1496 2742 et
1525 2701 1850 2752 procuratorio
1874 2701 2060 2741 nomine

280 2775 543 2826 presbyteri
575 2773 738 2813 vem-hi
772 2772 1012 2813 ‚lacobucii
1048 2773 1102 2812 de
1137 2773 1293 2813 Monte
1327 2786 1363 2814 s.
1399 2773 1541 2813 Marie
1564 2773 1608 2813 in
1635 2772 1804 2823 Lapide
1827 2771 2059 2813 Firmano.

280 2851 329 2886 ut
366 2846 421 2886 de
469 2845 692 2886 mandato
737 2849 947 2893 apparet.
995 2856 1134 2884 manu
1185 2856 1263 2884 ser
1306 2844 1533 2885 .Johannis
1578 2843 1743 2884 Jannis
1788 2842 1959 2883 notarii
2005 2842 2060 2882 de

396 2983 428 3012 a)
452 2983 543 3010 Duxit
566 2991 617 3009 (tm
641 2980 754 3010 Haud:
787 2981 1015 3007 lui-amentum
1039 2980 1179 3013 poi-terii
1203 2983 1299 3013 porte
1323 2980 1438 3006 ferree.
1491 2980 1522 3006 bi
1546 2980 1636 3006 Datin
1661 2988 1713 3006 am
1738 2979 1848 3006 Hand:
1880 2978 2059 3005 Mandatur

278 3030 445 3063 potestati
465 3030 677 3064 Ariminensi,
694 3036 726 3056 nt
748 3030 875 3055 relaxet
895 3029 1095 3061 magistrum
1119 3030 1154 3054 A.
1170 3028 1343 3061 pictorem.
1384 3029 1412 3057 c)
1436 3027 1524 3054 [ΜΞΝ
1542 3036 1593 3053 um
1610 3026 1936 3054 Rau‹l.-T1·anslaeio
1959 3026 2057 3059 curie

281 3078 312 3105 111
335 3078 424 3105 Dum«
447 3087 498 3103 um
527 3078 637 3105 leand:
660 3077 872 3103 Rvservavim
913 3078 942 3105 vi
963 3077 1023 3103 ,lm
1049 3076 1162 3103 Hand:
1185 3075 1374 3102 Abinraciu,
