<?xml version="1.0" encoding="UTF-8"?>
<!DOCTYPE html PUBLIC "-//W3C//DTD XHTML 1.0 Transitional//EN"
    "http://www.w3.org/TR/xhtml1/DTD/xhtml1-transitional.dtd">
<html xmlns="http://www.w3.org/1999/xhtml" xml:lang="en" lang="en">
 <head>
  <title>
</title>
<meta http-equiv="Content-Type" content="text/html;charset=utf-8" />
  <meta name='ocr-system' content='tesseract 3.04.00' />
  <meta name='ocr-capabilities' content='ocr_page ocr_carea ocr_par ocr_line ocrx_word'/>
</head>
<body>
  <div class='ocr_page' id='page_1' title='image "./actaconciliicons03counuoft_0429.png"; bbox 0 0 2178 3404; ppageno 0'>
   <div class='ocr_carea' id='block_1_1' title="bbox 287 189 1865 241">
    <p class='ocr_par' dir='ltr' id='par_1_1' title="bbox 287 189 1865 241">
     <span class='ocr_line' id='line_1_1' title="bbox 287 189 1865 241; baseline 0.003 -8"><span class='ocrx_word' id='word_1_1' title='bbox 287 201 328 233; x_wconf 80' lang='lat' dir='ltr'>A.</span> <span class='ocrx_word' id='word_1_2' title='bbox 382 189 568 233; x_wconf 71' lang='lat' dir='ltr'>Benedikt</span> <span class='ocrx_word' id='word_1_3' title='bbox 599 201 695 233; x_wconf 79' lang='lat' dir='ltr'>Xlli.</span> <span class='ocrx_word' id='word_1_4' title='bbox 725 201 800 233; x_wconf 84' lang='lat' dir='ltr'>und</span> <span class='ocrx_word' id='word_1_5' title='bbox 829 201 935 233; x_wconf 50' lang='lat' dir='ltr'>smine</span> <span class='ocrx_word' id='word_1_6' title='bbox 964 201 1235 241; x_wconf 57' lang='lat' dir='ltr'>lh·zi‹=l1u11‚=‚›·.·n</span> <span class='ocrx_word' id='word_1_7' title='bbox 1265 212 1307 234; x_wconf 80' lang='lat' dir='ltr'>zu</span> <span class='ocrx_word' id='word_1_8' title='bbox 1338 203 1569 236; x_wconf 40' lang='lat' dir='ltr'>¹*rhoitlaud</span> <span class='ocrx_word' id='word_1_9' title='bbox 1599 207 1671 237; x_wconf 61' lang='lat' dir='ltr'>ote.</span> <span class='ocrx_word' id='word_1_10' title='bbox 1779 197 1865 237; x_wconf 71' lang='grc'>407</span> 
     </span>
    </p>
   </div>
   <div class='ocr_carea' id='block_1_2' title="bbox 87 308 1866 1069">
    <p class='ocr_par' dir='ltr' id='par_1_2' title="bbox 87 308 1866 1069">
     <span class='ocr_line' id='line_1_2' title="bbox 93 308 1864 364; baseline 0.002 -15"><span class='ocrx_word' id='word_1_11' title='bbox 93 310 216 350; x_wconf 83' lang='lat' dir='ltr'>circa</span> <span class='ocrx_word' id='word_1_12' title='bbox 249 309 331 349; x_wconf 89' lang='lat' dir='ltr'>hec</span> <span class='ocrx_word' id='word_1_13' title='bbox 357 311 552 359; x_wconf 75' lang='lat' dir='ltr'>possent</span> <span class='ocrx_word' id='word_1_14' title='bbox 578 308 775 349; x_wconf 84' lang='lat' dir='ltr'>suboriri</span> <span class='ocrx_word' id='word_1_15' title='bbox 800 311 843 349; x_wconf 88' lang='lat' dir='ltr'>et</span> <span class='ocrx_word' id='word_1_16' title='bbox 879 310 1029 359; x_wconf 81' lang='lat' dir='ltr'>magis</span> <span class='ocrx_word' id='word_1_17' title='bbox 1055 312 1248 360; x_wconf 89' lang='lat' dir='ltr'>apperta</span> <span class='ocrx_word' id='word_1_18' title='bbox 1274 322 1355 351; x_wconf 85' lang='lat' dir='ltr'>seu</span> <span class='ocrx_word' id='word_1_19' title='bbox 1379 313 1565 353; x_wconf 87' lang='lat' dir='ltr'>notoria</span> <span class='ocrx_word' id='word_1_20' title='bbox 1590 314 1864 364; x_wconf 87' lang='lat' dir='ltr'>omittendo,</span> 
     </span>
     <span class='ocr_line' id='line_1_3' title="bbox 91 378 1864 432; baseline 0.002 -12"><span class='ocrx_word' id='word_1_21' title='bbox 91 379 311 430; x_wconf 89' lang='lat' dir='ltr'>numquid</span> <span class='ocrx_word' id='word_1_22' title='bbox 344 379 446 428; x_wconf 89' lang='lat' dir='ltr'>ipsa</span> <span class='ocrx_word' id='word_1_23' title='bbox 480 378 665 419; x_wconf 87' lang='lat' dir='ltr'>domina</span> <span class='ocrx_word' id='word_1_24' title='bbox 700 379 881 419; x_wconf 81' lang='lat' dir='ltr'>(licente</span> <span class='ocrx_word' id='word_1_25' title='bbox 915 391 964 419; x_wconf 90' lang='lat' dir='ltr'>se</span> <span class='ocrx_word' id='word_1_26' title='bbox 998 380 1271 427; x_wconf 67' lang='lat' dir='ltr'>neutralem,</span> <span class='ocrx_word' id='word_1_27' title='bbox 1306 381 1431 422; x_wconf 88' lang='lat' dir='ltr'>dabit</span> <span class='ocrx_word' id='word_1_28' title='bbox 1468 395 1594 432; x_wconf 85' lang='lat' dir='ltr'>spem</span> <span class='ocrx_word' id='word_1_29' title='bbox 1632 386 1676 423; x_wconf 88' lang='lat' dir='ltr'>et</span> <span class='ocrx_word' id='word_1_30' title='bbox 1713 385 1864 424; x_wconf 82' lang='lat' dir='ltr'>incen-</span> 
     </span>
     <span class='ocr_line' id='line_1_4' title="bbox 92 448 1865 499; baseline 0.003 -9"><span class='ocrx_word' id='word_1_31' title='bbox 92 450 237 490; x_wconf 83' lang='lat' dir='ltr'>tivum</span> <span class='ocrx_word' id='word_1_32' title='bbox 263 448 546 490; x_wconf 85' lang='lat' dir='ltr'>adversariis</span> <span class='ocrx_word' id='word_1_33' title='bbox 580 449 795 489; x_wconf 81' lang='lat' dir='ltr'>veritatis</span> <span class='ocrx_word' id='word_1_34' title='bbox 820 449 1074 499; x_wconf 83' lang='lat' dir='ltr'>inquirendi</span> <span class='ocrx_word' id='word_1_35' title='bbox 1099 452 1146 490; x_wconf 90' lang='lat' dir='ltr'>et</span> <span class='ocrx_word' id='word_1_36' title='bbox 1171 452 1428 492; x_wconf 81' lang='lat' dir='ltr'>suscitandi</span> <span class='ocrx_word' id='word_1_37' title='bbox 1455 455 1728 495; x_wconf 72' lang='lat' dir='ltr'>occasiones</span> <span class='ocrx_word' id='word_1_38' title='bbox 1762 467 1865 495; x_wconf 91' lang='lat' dir='ltr'>ran-</span> 
     </span>
     <span class='ocr_line' id='line_1_5' title="bbox 91 519 1864 577; baseline 0.004 -18"><span class='ocrx_word' id='word_1_39' title='bbox 91 531 285 571; x_wconf 89' lang='lat' dir='ltr'>quorum</span> <span class='ocrx_word' id='word_1_40' title='bbox 320 521 368 559; x_wconf 84' lang='lat' dir='ltr'>et</span> <span class='ocrx_word' id='word_1_41' title='bbox 390 519 509 559; x_wconf 89' lang='lat' dir='ltr'>male</span> <span class='ocrx_word' id='word_1_42' title='bbox 545 520 779 562; x_wconf 86' lang='lat' dir='ltr'>tractandi</span> <span class='ocrx_word' id='word_1_43' title='bbox 804 522 968 560; x_wconf 82' lang='lat' dir='ltr'>contra</span> <span class='ocrx_word' id='word_1_44' title='bbox 999 522 1176 560; x_wconf 82' lang='lat' dir='ltr'>statum</span> <span class='ocrx_word' id='word_1_45' title='bbox 1214 523 1481 572; x_wconf 63' lang='lat' dir='ltr'>regiuurad</span> <span class='ocrx_word' id='word_1_46' title='bbox 1517 523 1669 577; x_wconf 88' lang='lat' dir='ltr'>finem,</span> <span class='ocrx_word' id='word_1_47' title='bbox 1706 528 1752 565; x_wconf 87' lang='lat' dir='ltr'>ut</span> <span class='ocrx_word' id='word_1_48' title='bbox 1789 538 1864 566; x_wconf 78' lang='lat' dir='ltr'>ve-</span> 
     </span>
     <span class='ocr_line' id='line_1_6' title="bbox 92 589 1864 640; baseline 0.005 -11"><span class='ocrx_word' id='word_1_49' title='bbox 92 591 204 630; x_wconf 84' lang='lat' dir='ltr'>xata</span> <span class='ocrx_word' id='word_1_50' title='bbox 236 601 319 640; x_wconf 91' lang='lat' dir='ltr'>pro</span> <span class='ocrx_word' id='word_1_51' title='bbox 354 590 466 640; x_wconf 89' lang='lat' dir='ltr'>ipsis</span> <span class='ocrx_word' id='word_1_52' title='bbox 502 601 551 629; x_wconf 90' lang='lat' dir='ltr'>se</span> <span class='ocrx_word' id='word_1_53' title='bbox 586 589 805 640; x_wconf 87' lang='lat' dir='ltr'>declaret,</span> <span class='ocrx_word' id='word_1_54' title='bbox 841 591 962 640; x_wconf 91' lang='lat' dir='ltr'>quod</span> <span class='ocrx_word' id='word_1_55' title='bbox 996 593 1153 631; x_wconf 86' lang='lat' dir='ltr'>tamen</span> <span class='ocrx_word' id='word_1_56' title='bbox 1189 592 1470 633; x_wconf 77' lang='lat' dir='ltr'>incentivum</span> <span class='ocrx_word' id='word_1_57' title='bbox 1507 595 1591 635; x_wconf 88' lang='lat' dir='ltr'>erit</span> <span class='ocrx_word' id='word_1_58' title='bbox 1629 596 1864 637; x_wconf 89' lang='lat' dir='ltr'>sublatum</span> 
     </span>
     <span class='ocr_line' id='line_1_7' title="bbox 89 660 1864 712; baseline 0.003 -11"><span class='ocrx_word' id='word_1_59' title='bbox 89 662 137 701; x_wconf 87' lang='lat' dir='ltr'>et</span> <span class='ocrx_word' id='word_1_60' title='bbox 161 660 461 710; x_wconf 87' lang='lat' dir='ltr'>desperatum</span> <span class='ocrx_word' id='word_1_61' title='bbox 498 662 721 710; x_wconf 80' lang='lat' dir='ltr'>tanquam</span> <span class='ocrx_word' id='word_1_62' title='bbox 746 661 1063 711; x_wconf 78' lang='lat' dir='ltr'>irrevocabile,</span> <span class='ocrx_word' id='word_1_63' title='bbox 1099 664 1347 712; x_wconf 74' lang='lat' dir='ltr'>postquam</span> <span class='ocrx_word' id='word_1_64' title='bbox 1384 664 1584 705; x_wconf 74' lang='lat' dir='ltr'>viderint</span> <span class='ocrx_word' id='word_1_65' title='bbox 1608 667 1706 706; x_wconf 86' lang='lat' dir='ltr'>eius</span> <span class='ocrx_word' id='word_1_66' title='bbox 1732 679 1864 708; x_wconf 88' lang='lat' dir='ltr'>sanc-</span> 
     </span>
     <span class='ocr_line' id='line_1_8' title="bbox 90 730 1865 781; baseline 0.003 -9"><span class='ocrx_word' id='word_1_67' title='bbox 90 733 186 772; x_wconf 88' lang='lat' dir='ltr'>tum</span> <span class='ocrx_word' id='word_1_68' title='bbox 224 730 515 781; x_wconf 87' lang='lat' dir='ltr'>propositum</span> <span class='ocrx_word' id='word_1_69' title='bbox 550 730 919 771; x_wconf 85' lang='lat' dir='ltr'>manifestatum.</span> <span class='ocrx_word' id='word_1_70' title='bbox 955 734 1189 781; x_wconf 76' lang='lat' dir='ltr'>Quantum</span> <span class='ocrx_word' id='word_1_71' title='bbox 1225 734 1341 773; x_wconf 89' lang='lat' dir='ltr'>enim</span> <span class='ocrx_word' id='word_1_72' title='bbox 1385 735 1473 775; x_wconf 88' lang='lat' dir='ltr'>erit</span> <span class='ocrx_word' id='word_1_73' title='bbox 1507 736 1738 777; x_wconf 87' lang='lat' dir='ltr'>vinculum</span> <span class='ocrx_word' id='word_1_74' title='bbox 1773 737 1865 779; x_wconf 88' lang='lat' dir='ltr'>fra-</span> 
     </span>
     <span class='ocr_line' id='line_1_9' title="bbox 92 801 1866 859; baseline 0.005 -18"><span class='ocrx_word' id='word_1_75' title='bbox 92 801 346 853; x_wconf 86' lang='lat' dir='ltr'>ternitatis,</span> <span class='ocrx_word' id='word_1_76' title='bbox 381 801 502 852; x_wconf 87' lang='lat' dir='ltr'>quod</span> <span class='ocrx_word' id='word_1_77' title='bbox 533 804 579 842; x_wconf 90' lang='lat' dir='ltr'>et</span> <span class='ocrx_word' id='word_1_78' title='bbox 612 802 656 842; x_wconf 90' lang='lat' dir='ltr'>in</span> <span class='ocrx_word' id='word_1_79' title='bbox 692 802 1011 852; x_wconf 81' lang='lat' dir='ltr'>spiritualibus</span> <span class='ocrx_word' id='word_1_80' title='bbox 1046 805 1092 843; x_wconf 88' lang='lat' dir='ltr'>et</span> <span class='ocrx_word' id='word_1_81' title='bbox 1116 805 1451 854; x_wconf 80' lang='lat' dir='ltr'>temporalibus</span> <span class='ocrx_word' id='word_1_82' title='bbox 1487 819 1589 846; x_wconf 79' lang='lat' dir='ltr'>cum</span> <span class='ocrx_word' id='word_1_83' title='bbox 1620 809 1866 859; x_wconf 83' lang='lat' dir='ltr'>regnicolis</span> 
     </span>
     <span class='ocr_line' id='line_1_10' title="bbox 89 870 1866 928; baseline 0.004 -16"><span class='ocrx_word' id='word_1_84' title='bbox 89 870 322 923; x_wconf 83' lang='lat' dir='ltr'>Aragonie</span> <span class='ocrx_word' id='word_1_85' title='bbox 355 875 404 913; x_wconf 85' lang='lat' dir='ltr'>et</span> <span class='ocrx_word' id='word_1_86' title='bbox 425 873 739 923; x_wconf 82' lang='lat' dir='ltr'>Yspaniarum</span> <span class='ocrx_word' id='word_1_87' title='bbox 774 885 830 913; x_wconf 83' lang='lat' dir='ltr'>ex</span> <span class='ocrx_word' id='word_1_88' title='bbox 858 873 945 914; x_wconf 87' lang='lat' dir='ltr'>hac</span> <span class='ocrx_word' id='word_1_89' title='bbox 979 874 1250 915; x_wconf 87' lang='lat' dir='ltr'>reductione</span> <span class='ocrx_word' id='word_1_90' title='bbox 1280 876 1586 917; x_wconf 87' lang='lat' dir='ltr'>contrahetur</span> <span class='ocrx_word' id='word_1_91' title='bbox 1610 880 1657 918; x_wconf 90' lang='lat' dir='ltr'>et</span> <span class='ocrx_word' id='word_1_92' title='bbox 1691 881 1866 928; x_wconf 86' lang='lat' dir='ltr'>quanta</span> 
     </span>
     <span class='ocr_line' id='line_1_11' title="bbox 89 943 1865 994; baseline 0.003 -11"><span class='ocrx_word' id='word_1_93' title='bbox 89 954 145 983; x_wconf 85' lang='lat' dir='ltr'>ex</span> <span class='ocrx_word' id='word_1_94' title='bbox 179 954 339 983; x_wconf 84' lang='lat' dir='ltr'>eorum</span> <span class='ocrx_word' id='word_1_95' title='bbox 374 944 605 994; x_wconf 89' lang='lat' dir='ltr'>permissa</span> <span class='ocrx_word' id='word_1_96' title='bbox 629 946 676 983; x_wconf 91' lang='lat' dir='ltr'>et</span> <span class='ocrx_word' id='word_1_97' title='bbox 705 943 848 984; x_wconf 91' lang='lat' dir='ltr'>libera</span> <span class='ocrx_word' id='word_1_98' title='bbox 882 944 1244 994; x_wconf 86' lang='lat' dir='ltr'>participacione</span> <span class='ocrx_word' id='word_1_99' title='bbox 1276 958 1329 985; x_wconf 88' lang='lat' dir='ltr'>ac</span> <span class='ocrx_word' id='word_1_100' title='bbox 1356 947 1584 987; x_wconf 89' lang='lat' dir='ltr'>societate</span> <span class='ocrx_word' id='word_1_101' title='bbox 1620 949 1865 990; x_wconf 89' lang='lat' dir='ltr'>commoda</span> 
     </span>
     <span class='ocr_line' id='line_1_12' title="bbox 87 1013 1864 1069; baseline 0.004 -17"><span class='ocrx_word' id='word_1_102' title='bbox 87 1013 389 1063; x_wconf 83' lang='lat' dir='ltr'>particularia</span> <span class='ocrx_word' id='word_1_103' title='bbox 423 1014 488 1054; x_wconf 89' lang='lat' dir='ltr'>eis</span> <span class='ocrx_word' id='word_1_104' title='bbox 531 1014 760 1065; x_wconf 85' lang='lat' dir='ltr'>evenient,</span> <span class='ocrx_word' id='word_1_105' title='bbox 796 1014 1005 1064; x_wconf 72' lang='lat' dir='ltr'>cogitare</span> <span class='ocrx_word' id='word_1_106' title='bbox 1049 1016 1242 1066; x_wconf 88' lang='lat' dir='ltr'>quisque</span> <span class='ocrx_word' id='word_1_107' title='bbox 1278 1017 1480 1066; x_wconf 89' lang='lat' dir='ltr'>prudens</span> <span class='ocrx_word' id='word_1_108' title='bbox 1524 1017 1658 1059; x_wconf 85' lang='lat' dir='ltr'>facile</span> <span class='ocrx_word' id='word_1_109' title='bbox 1692 1021 1864 1069; x_wconf 86' lang='lat' dir='ltr'>potest.</span> 
     </span>
    </p>
   </div>
   <div class='ocr_carea' id='block_1_3' title="bbox 88 1095 1908 2789">
    <p class='ocr_par' dir='ltr' id='par_1_3' title="bbox 88 1095 1866 2281">
     <span class='ocr_line' id='line_1_13' title="bbox 206 1095 1866 1156; baseline 0.005 -21"><span class='ocrx_word' id='word_1_110' title='bbox 206 1095 398 1146; x_wconf 89' lang='lat' dir='ltr'>Insuper</span> <span class='ocrx_word' id='word_1_111' title='bbox 446 1096 667 1156; x_wconf 84' lang='lat' dir='ltr'>numquid</span> <span class='ocrx_word' id='word_1_112' title='bbox 714 1096 843 1137; x_wconf 87' lang='lat' dir='ltr'>facta</span> <span class='ocrx_word' id='word_1_113' title='bbox 885 1097 979 1137; x_wconf 86' lang='lat' dir='ltr'>ista</span> <span class='ocrx_word' id='word_1_114' title='bbox 1028 1100 1195 1138; x_wconf 82' lang='lat' dir='ltr'>sancta</span> <span class='ocrx_word' id='word_1_115' title='bbox 1230 1098 1499 1140; x_wconf 87' lang='lat' dir='ltr'>reductione</span> <span class='ocrx_word' id='word_1_116' title='bbox 1542 1101 1626 1141; x_wconf 87' lang='lat' dir='ltr'>erit</span> <span class='ocrx_word' id='word_1_117' title='bbox 1672 1105 1866 1153; x_wconf 90' lang='lat' dir='ltr'>apperta</span> 
     </span>
     <span class='ocr_line' id='line_1_14' title="bbox 88 1166 1864 1222; baseline 0.005 -17"><span class='ocrx_word' id='word_1_118' title='bbox 88 1166 225 1207; x_wconf 90' lang='lat' dir='ltr'>ianua</span> <span class='ocrx_word' id='word_1_119' title='bbox 271 1166 556 1208; x_wconf 82' lang='lat' dir='ltr'>facilioribus</span> <span class='ocrx_word' id='word_1_120' title='bbox 604 1168 887 1208; x_wconf 86' lang='lat' dir='ltr'>tractatibus</span> <span class='ocrx_word' id='word_1_121' title='bbox 928 1170 976 1208; x_wconf 88' lang='lat' dir='ltr'>et</span> <span class='ocrx_word' id='word_1_122' title='bbox 1023 1168 1263 1219; x_wconf 84' lang='lat' dir='ltr'>colloquiis</span> <span class='ocrx_word' id='word_1_123' title='bbox 1307 1170 1362 1209; x_wconf 86' lang='lat' dir='ltr'>ad</span> <span class='ocrx_word' id='word_1_124' title='bbox 1410 1171 1557 1220; x_wconf 80' lang='lat' dir='ltr'>ipsam</span> <span class='ocrx_word' id='word_1_125' title='bbox 1607 1172 1864 1222; x_wconf 85' lang='lat' dir='ltr'>aspiratam</span> 
     </span>
     <span class='ocr_line' id='line_1_15' title="bbox 89 1237 1865 1289; baseline 0.004 -12"><span class='ocrx_word' id='word_1_126' title='bbox 89 1237 318 1289; x_wconf 84' lang='lat' dir='ltr'>unionem,</span> <span class='ocrx_word' id='word_1_127' title='bbox 355 1250 435 1289; x_wconf 88' lang='lat' dir='ltr'>per</span> <span class='ocrx_word' id='word_1_128' title='bbox 468 1250 605 1288; x_wconf 87' lang='lat' dir='ltr'>quam</span> <span class='ocrx_word' id='word_1_129' title='bbox 631 1238 814 1278; x_wconf 89' lang='lat' dir='ltr'>ianuam</span> <span class='ocrx_word' id='word_1_130' title='bbox 848 1238 1033 1279; x_wconf 90' lang='lat' dir='ltr'>domino</span> <span class='ocrx_word' id='word_1_131' title='bbox 1058 1242 1223 1279; x_wconf 87' lang='lat' dir='ltr'>nostro</span> <span class='ocrx_word' id='word_1_132' title='bbox 1258 1240 1444 1280; x_wconf 84' lang='lat' dir='ltr'>dabitur</span> <span class='ocrx_word' id='word_1_133' title='bbox 1474 1241 1674 1283; x_wconf 81' lang='lat' dir='ltr'>facilime</span> <span class='ocrx_word' id='word_1_134' title='bbox 1710 1243 1865 1284; x_wconf 88' lang='lat' dir='ltr'>aditus</span> 
     </span>
     <span class='ocr_line' id='line_1_16' title="bbox 89 1308 1865 1364; baseline 0.003 -17"><span class='ocrx_word' id='word_1_135' title='bbox 89 1308 147 1348; x_wconf 89' lang='lat' dir='ltr'>ad</span> <span class='ocrx_word' id='word_1_136' title='bbox 181 1311 340 1359; x_wconf 90' lang='lat' dir='ltr'>partes</span> <span class='ocrx_word' id='word_1_137' title='bbox 374 1308 626 1359; x_wconf 86' lang='lat' dir='ltr'>Romanas,</span> <span class='ocrx_word' id='word_1_138' title='bbox 661 1321 715 1349; x_wconf 83' lang='lat' dir='ltr'>ex</span> <span class='ocrx_word' id='word_1_139' title='bbox 751 1310 881 1350; x_wconf 87' lang='lat' dir='ltr'>cuius</span> <span class='ocrx_word' id='word_1_140' title='bbox 917 1310 1157 1360; x_wconf 81' lang='lat' dir='ltr'>presencia</span> <span class='ocrx_word' id='word_1_141' title='bbox 1193 1311 1326 1351; x_wconf 87' lang='lat' dir='ltr'>ltalia</span> <span class='ocrx_word' id='word_1_142' title='bbox 1359 1313 1672 1354; x_wconf 82' lang='lat' dir='ltr'>verisimiliter</span> <span class='ocrx_word' id='word_1_143' title='bbox 1705 1317 1865 1364; x_wconf 84' lang='lat' dir='ltr'>sperat</span> 
     </span>
     <span class='ocr_line' id='line_1_17' title="bbox 89 1380 1863 1435; baseline 0.003 -16"><span class='ocrx_word' id='word_1_144' title='bbox 89 1381 311 1429; x_wconf 88' lang='lat' dir='ltr'>papatum</span> <span class='ocrx_word' id='word_1_145' title='bbox 337 1391 626 1431; x_wconf 88' lang='lat' dir='ltr'>recuperare,</span> <span class='ocrx_word' id='word_1_146' title='bbox 662 1392 795 1431; x_wconf 85' lang='lat' dir='ltr'>quem</span> <span class='ocrx_word' id='word_1_147' title='bbox 825 1380 983 1422; x_wconf 77' lang='lat' dir='ltr'>Gallici</span> <span class='ocrx_word' id='word_1_148' title='bbox 1009 1381 1263 1431; x_wconf 80' lang='lat' dir='ltr'>cupiditate</span> <span class='ocrx_word' id='word_1_149' title='bbox 1291 1383 1432 1423; x_wconf 90' lang='lat' dir='ltr'>nimia</span> <span class='ocrx_word' id='word_1_150' title='bbox 1463 1384 1710 1435; x_wconf 87' lang='lat' dir='ltr'>obcequati</span> <span class='ocrx_word' id='word_1_151' title='bbox 1743 1385 1863 1426; x_wconf 92' lang='lat' dir='ltr'>inor-</span> 
     </span>
     <span class='ocr_line' id='line_1_18' title="bbox 89 1449 1863 1505; baseline 0.005 -16"><span class='ocrx_word' id='word_1_152' title='bbox 89 1449 246 1491; x_wconf 88' lang='lat' dir='ltr'>dinate</span> <span class='ocrx_word' id='word_1_153' title='bbox 281 1453 557 1502; x_wconf 78' lang='lat' dir='ltr'>appetentes</span> <span class='ocrx_word' id='word_1_154' title='bbox 591 1451 902 1503; x_wconf 88' lang='lat' dir='ltr'>perdiderunt,</span> <span class='ocrx_word' id='word_1_155' title='bbox 937 1464 1026 1502; x_wconf 87' lang='lat' dir='ltr'>qua</span> <span class='ocrx_word' id='word_1_156' title='bbox 1066 1452 1320 1502; x_wconf 86' lang='lat' dir='ltr'>cupiditate</span> <span class='ocrx_word' id='word_1_157' title='bbox 1360 1455 1606 1505; x_wconf 86' lang='lat' dir='ltr'>excequati</span> <span class='ocrx_word' id='word_1_158' title='bbox 1641 1455 1751 1497; x_wconf 88' lang='lat' dir='ltr'>dicti</span> <span class='ocrx_word' id='word_1_159' title='bbox 1785 1456 1863 1497; x_wconf 91' lang='lat' dir='ltr'>do-</span> 
     </span>
     <span class='ocr_line' id='line_1_19' title="bbox 89 1521 1862 1577; baseline 0.003 -15"><span class='ocrx_word' id='word_1_160' title='bbox 89 1521 199 1562; x_wconf 92' lang='lat' dir='ltr'>mini</span> <span class='ocrx_word' id='word_1_161' title='bbox 230 1522 382 1562; x_wconf 82' lang='lat' dir='ltr'>nostri</span> <span class='ocrx_word' id='word_1_162' title='bbox 416 1524 617 1563; x_wconf 90' lang='lat' dir='ltr'>mortem</span> <span class='ocrx_word' id='word_1_163' title='bbox 652 1523 909 1573; x_wconf 89' lang='lat' dir='ltr'>anelantes,</span> <span class='ocrx_word' id='word_1_164' title='bbox 950 1524 1177 1575; x_wconf 82' lang='lat' dir='ltr'>volentes,</span> <span class='ocrx_word' id='word_1_165' title='bbox 1213 1525 1334 1574; x_wconf 89' lang='lat' dir='ltr'>quod</span> <span class='ocrx_word' id='word_1_166' title='bbox 1368 1526 1411 1565; x_wconf 89' lang='lat' dir='ltr'>in</span> <span class='ocrx_word' id='word_1_167' title='bbox 1455 1537 1615 1566; x_wconf 92' lang='lat' dir='ltr'>eorum</span> <span class='ocrx_word' id='word_1_168' title='bbox 1649 1526 1862 1577; x_wconf 88' lang='lat' dir='ltr'>partibus</span> 
     </span>
     <span class='ocr_line' id='line_1_20' title="bbox 90 1593 1863 1645; baseline 0.003 -12"><span class='ocrx_word' id='word_1_169' title='bbox 90 1595 138 1634; x_wconf 89' lang='lat' dir='ltr'>et</span> <span class='ocrx_word' id='word_1_170' title='bbox 170 1604 311 1643; x_wconf 87' lang='lat' dir='ltr'>posse</span> <span class='ocrx_word' id='word_1_171' title='bbox 344 1593 441 1633; x_wconf 89' lang='lat' dir='ltr'>dies</span> <span class='ocrx_word' id='word_1_172' title='bbox 485 1605 598 1634; x_wconf 90' lang='lat' dir='ltr'>suos</span> <span class='ocrx_word' id='word_1_173' title='bbox 640 1593 806 1643; x_wconf 84' lang='lat' dir='ltr'>finiret,</span> <span class='ocrx_word' id='word_1_174' title='bbox 850 1596 900 1634; x_wconf 87' lang='lat' dir='ltr'>ut</span> <span class='ocrx_word' id='word_1_175' title='bbox 942 1595 1028 1645; x_wconf 89' lang='lat' dir='ltr'>ipsi</span> <span class='ocrx_word' id='word_1_176' title='bbox 1062 1597 1256 1644; x_wconf 82' lang='lat' dir='ltr'>possent</span> <span class='ocrx_word' id='word_1_177' title='bbox 1290 1596 1348 1636; x_wconf 90' lang='lat' dir='ltr'>ad</span> <span class='ocrx_word' id='word_1_178' title='bbox 1383 1595 1541 1637; x_wconf 69' lang='lat' dir='ltr'>Gallici</span> <span class='ocrx_word' id='word_1_179' title='bbox 1588 1597 1863 1638; x_wconf 89' lang='lat' dir='ltr'>electionem</span> 
     </span>
     <span class='ocr_line' id='line_1_21' title="bbox 90 1664 1864 1718; baseline 0.003 -14"><span class='ocrx_word' id='word_1_180' title='bbox 90 1664 355 1715; x_wconf 71' lang='lat' dir='ltr'>procedere,</span> <span class='ocrx_word' id='word_1_181' title='bbox 402 1665 726 1715; x_wconf 89' lang='lat' dir='ltr'>imposuerunt</span> <span class='ocrx_word' id='word_1_182' title='bbox 771 1665 957 1706; x_wconf 88' lang='lat' dir='ltr'>domino</span> <span class='ocrx_word' id='word_1_183' title='bbox 1003 1668 1168 1706; x_wconf 91' lang='lat' dir='ltr'>nostro</span> <span class='ocrx_word' id='word_1_184' title='bbox 1215 1667 1609 1718; x_wconf 66' lang='lat' dir='ltr'>impedimentum,</span> <span class='ocrx_word' id='word_1_185' title='bbox 1657 1680 1759 1708; x_wconf 91' lang='lat' dir='ltr'>cum</span> <span class='ocrx_word' id='word_1_186' title='bbox 1806 1668 1864 1709; x_wconf 88' lang='lat' dir='ltr'>ad</span> 
     </span>
     <span class='ocr_line' id='line_1_22' title="bbox 89 1735 1864 1790; baseline 0.003 -16"><span class='ocrx_word' id='word_1_187' title='bbox 89 1737 249 1785; x_wconf 89' lang='lat' dir='ltr'>partes</span> <span class='ocrx_word' id='word_1_188' title='bbox 289 1735 416 1784; x_wconf 87' lang='lat' dir='ltr'>ipsas</span> <span class='ocrx_word' id='word_1_189' title='bbox 459 1735 588 1776; x_wconf 90' lang='lat' dir='ltr'>ltalie</span> <span class='ocrx_word' id='word_1_190' title='bbox 632 1735 963 1787; x_wconf 79' lang='lat' dir='ltr'>declinaverat,</span> <span class='ocrx_word' id='word_1_191' title='bbox 1009 1748 1065 1776; x_wconf 89' lang='lat' dir='ltr'>ne</span> <span class='ocrx_word' id='word_1_192' title='bbox 1108 1737 1302 1777; x_wconf 86' lang='lat' dir='ltr'>ulterius</span> <span class='ocrx_word' id='word_1_193' title='bbox 1350 1738 1722 1790; x_wconf 64' lang='lat' dir='ltr'>progrederetur,</span> <span class='ocrx_word' id='word_1_194' title='bbox 1766 1750 1864 1789; x_wconf 81' lang='lat' dir='ltr'>neo,</span> 
     </span>
     <span class='ocr_line' id='line_1_23' title="bbox 89 1805 1863 1858; baseline 0.002 -13"><span class='ocrx_word' id='word_1_195' title='bbox 89 1805 165 1846; x_wconf 90' lang='lat' dir='ltr'>ubi</span> <span class='ocrx_word' id='word_1_196' title='bbox 199 1807 499 1857; x_wconf 81' lang='lat' dir='ltr'>applicuerat,</span> <span class='ocrx_word' id='word_1_197' title='bbox 543 1808 804 1847; x_wconf 84' lang='lat' dir='ltr'>remaneret</span> <span class='ocrx_word' id='word_1_198' title='bbox 841 1818 1016 1847; x_wconf 87' lang='lat' dir='ltr'>secure.</span> <span class='ocrx_word' id='word_1_199' title='bbox 1083 1807 1319 1858; x_wconf 88' lang='lat' dir='ltr'>Eruntque</span> <span class='ocrx_word' id='word_1_200' title='bbox 1366 1810 1475 1849; x_wconf 87' lang='lat' dir='ltr'>tunc</span> <span class='ocrx_word' id='word_1_201' title='bbox 1518 1808 1639 1850; x_wconf 88' lang='lat' dir='ltr'>infra</span> <span class='ocrx_word' id='word_1_202' title='bbox 1682 1809 1863 1850; x_wconf 87' lang='lat' dir='ltr'>Italiam</span> 
     </span>
     <span class='ocr_line' id='line_1_24' title="bbox 90 1876 1864 1930; baseline 0.003 -14"><span class='ocrx_word' id='word_1_203' title='bbox 90 1876 131 1916; x_wconf 89' lang='lat' dir='ltr'>d.</span> <span class='ocrx_word' id='word_1_204' title='bbox 165 1888 207 1916; x_wconf 92' lang='lat' dir='ltr'>n.</span> <span class='ocrx_word' id='word_1_205' title='bbox 241 1888 362 1927; x_wconf 87' lang='lat' dir='ltr'>papa</span> <span class='ocrx_word' id='word_1_206' title='bbox 395 1879 441 1917; x_wconf 90' lang='lat' dir='ltr'>et</span> <span class='ocrx_word' id='word_1_207' title='bbox 483 1877 664 1927; x_wconf 76' lang='lat' dir='ltr'>intrusi,</span> <span class='ocrx_word' id='word_1_208' title='bbox 699 1889 754 1916; x_wconf 85' lang='lat' dir='ltr'>ex</span> <span class='ocrx_word' id='word_1_209' title='bbox 789 1889 985 1927; x_wconf 90' lang='lat' dir='ltr'>quorum</span> <span class='ocrx_word' id='word_1_210' title='bbox 1028 1877 1340 1928; x_wconf 88' lang='lat' dir='ltr'>disposicione</span> <span class='ocrx_word' id='word_1_211' title='bbox 1384 1880 1746 1930; x_wconf 79' lang='lat' dir='ltr'>propinguitatis</span> <span class='ocrx_word' id='word_1_212' title='bbox 1788 1881 1864 1921; x_wconf 87' lang='lat' dir='ltr'>via</span> 
     </span>
     <span class='ocr_line' id='line_1_25' title="bbox 90 1947 1863 2000; baseline 0.003 -13"><span class='ocrx_word' id='word_1_213' title='bbox 90 1947 178 1988; x_wconf 87' lang='lat' dir='ltr'>erit</span> <span class='ocrx_word' id='word_1_214' title='bbox 216 1947 494 1999; x_wconf 89' lang='lat' dir='ltr'>prompcior,</span> <span class='ocrx_word' id='word_1_215' title='bbox 540 1948 579 1988; x_wconf 93' lang='lat' dir='ltr'>si</span> <span class='ocrx_word' id='word_1_216' title='bbox 620 1947 716 1988; x_wconf 94' lang='lat' dir='ltr'>Deo</span> <span class='ocrx_word' id='word_1_217' title='bbox 764 1948 1002 1997; x_wconf 76' lang='lat' dir='ltr'>placuerit,</span> <span class='ocrx_word' id='word_1_218' title='bbox 1049 1949 1205 1990; x_wconf 91' lang='lat' dir='ltr'>unioni</span> <span class='ocrx_word' id='word_1_219' title='bbox 1241 1951 1530 2000; x_wconf 86' lang='lat' dir='ltr'>assequende</span> <span class='ocrx_word' id='word_1_220' title='bbox 1577 1951 1647 1991; x_wconf 82' lang='lat' dir='ltr'>vel</span> <span class='ocrx_word' id='word_1_221' title='bbox 1693 1951 1863 1992; x_wconf 89' lang='lat' dir='ltr'>saltem</span> 
     </span>
     <span class='ocr_line' id='line_1_26' title="bbox 90 2018 1863 2073; baseline 0.002 -15"><span class='ocrx_word' id='word_1_222' title='bbox 90 2018 372 2059; x_wconf 86' lang='lat' dir='ltr'>tractatibus</span> <span class='ocrx_word' id='word_1_223' title='bbox 407 2030 546 2069; x_wconf 89' lang='lat' dir='ltr'>super</span> <span class='ocrx_word' id='word_1_224' title='bbox 578 2031 633 2059; x_wconf 89' lang='lat' dir='ltr'>ea</span> <span class='ocrx_word' id='word_1_225' title='bbox 666 2018 847 2069; x_wconf 87' lang='lat' dir='ltr'>fiendis,</span> <span class='ocrx_word' id='word_1_226' title='bbox 891 2031 981 2070; x_wconf 89' lang='lat' dir='ltr'>qua</span> <span class='ocrx_word' id='word_1_227' title='bbox 1023 2020 1204 2071; x_wconf 89' lang='lat' dir='ltr'>unione,</span> <span class='ocrx_word' id='word_1_228' title='bbox 1240 2021 1277 2061; x_wconf 90' lang='lat' dir='ltr'>si</span> <span class='ocrx_word' id='word_1_229' title='bbox 1312 2021 1407 2062; x_wconf 90' lang='lat' dir='ltr'>Deo</span> <span class='ocrx_word' id='word_1_230' title='bbox 1452 2021 1692 2073; x_wconf 73' lang='lat' dir='ltr'>placuerit,</span> <span class='ocrx_word' id='word_1_231' title='bbox 1734 2021 1863 2063; x_wconf 89' lang='lat' dir='ltr'>facta</span> 
     </span>
     <span class='ocr_line' id='line_1_27' title="bbox 90 2087 1862 2143; baseline 0.003 -15"><span class='ocrx_word' id='word_1_232' title='bbox 90 2087 367 2129; x_wconf 76' lang='lat' dir='ltr'>Gallicorum</span> <span class='ocrx_word' id='word_1_233' title='bbox 392 2090 699 2141; x_wconf 88' lang='lat' dir='ltr'>propositum,</span> <span class='ocrx_word' id='word_1_234' title='bbox 724 2090 845 2140; x_wconf 86' lang='lat' dir='ltr'>quod</span> <span class='ocrx_word' id='word_1_235' title='bbox 870 2087 998 2139; x_wconf 75' lang='lat' dir='ltr'>e1·it“²)</span> <span class='ocrx_word' id='word_1_236' title='bbox 1024 2093 1245 2141; x_wconf 88' lang='lat' dir='ltr'>papatum</span> <span class='ocrx_word' id='word_1_237' title='bbox 1277 2092 1517 2143; x_wconf 83' lang='lat' dir='ltr'>retinendi,</span> <span class='ocrx_word' id='word_1_238' title='bbox 1552 2092 1642 2133; x_wconf 89' lang='lat' dir='ltr'>erit</span> <span class='ocrx_word' id='word_1_239' title='bbox 1664 2092 1862 2134; x_wconf 89' lang='lat' dir='ltr'>frustra-</span> 
     </span>
     <span class='ocr_line' id='line_1_28' title="bbox 90 2160 1864 2215; baseline 0.001 -16"><span class='ocrx_word' id='word_1_240' title='bbox 90 2160 202 2211; x_wconf 87' lang='lat' dir='ltr'>tum,</span> <span class='ocrx_word' id='word_1_241' title='bbox 236 2171 322 2210; x_wconf 90' lang='lat' dir='ltr'>que</span> <span class='ocrx_word' id='word_1_242' title='bbox 347 2161 515 2212; x_wconf 87' lang='lat' dir='ltr'>omnia,</span> <span class='ocrx_word' id='word_1_243' title='bbox 550 2162 737 2212; x_wconf 91' lang='lat' dir='ltr'>quantis</span> <span class='ocrx_word' id='word_1_244' title='bbox 763 2161 1021 2202; x_wconf 87' lang='lat' dir='ltr'>commodis</span> <span class='ocrx_word' id='word_1_245' title='bbox 1055 2162 1149 2202; x_wconf 91' lang='lat' dir='ltr'>sint</span> <span class='ocrx_word' id='word_1_246' title='bbox 1174 2164 1336 2211; x_wconf 85' lang='lat' dir='ltr'>aperta</span> <span class='ocrx_word' id='word_1_247' title='bbox 1360 2165 1408 2203; x_wconf 89' lang='lat' dir='ltr'>et</span> <span class='ocrx_word' id='word_1_248' title='bbox 1432 2163 1676 2215; x_wconf 90' lang='lat' dir='ltr'>disposita,</span> <span class='ocrx_word' id='word_1_249' title='bbox 1706 2163 1864 2204; x_wconf 87' lang='lat' dir='ltr'>videat</span> 
     </span>
     <span class='ocr_line' id='line_1_29' title="bbox 90 2230 418 2281; baseline 0.003 -11"><span class='ocrx_word' id='word_1_250' title='bbox 90 2230 418 2281; x_wconf 86' lang='lat' dir='ltr'>unusquisque.</span> 
     </span>
    </p>

    <p class='ocr_par' dir='ltr' id='par_1_4' title="bbox 89 2312 1908 2789">
     <span class='ocr_line' id='line_1_30' title="bbox 210 2312 1862 2367; baseline 0.002 -14"><span class='ocrx_word' id='word_1_251' title='bbox 210 2312 410 2354; x_wconf 87' lang='lat' dir='ltr'>Ulterius</span> <span class='ocrx_word' id='word_1_252' title='bbox 445 2313 583 2354; x_wconf 87' lang='lat' dir='ltr'>debet</span> <span class='ocrx_word' id='word_1_253' title='bbox 616 2315 863 2364; x_wconf 88' lang='lat' dir='ltr'>episcopus</span> <span class='ocrx_word' id='word_1_254' title='bbox 898 2316 1107 2365; x_wconf 82' lang='lat' dir='ltr'>cogitare</span> <span class='ocrx_word' id='word_1_255' title='bbox 1141 2318 1185 2356; x_wconf 90' lang='lat' dir='ltr'>et</span> <span class='ocrx_word' id='word_1_256' title='bbox 1222 2317 1477 2367; x_wconf 84' lang='lat' dir='ltr'>exquirere,</span> <span class='ocrx_word' id='word_1_257' title='bbox 1522 2317 1560 2356; x_wconf 87' lang='lat' dir='ltr'>si</span> <span class='ocrx_word' id='word_1_258' title='bbox 1594 2316 1755 2357; x_wconf 85' lang='lat' dir='ltr'>forsan</span> <span class='ocrx_word' id='word_1_259' title='bbox 1790 2317 1862 2356; x_wconf 89' lang='lat' dir='ltr'>ille</span> 
     </span>
     <span class='ocr_line' id='line_1_31' title="bbox 90 2381 1862 2435; baseline 0.003 -13"><span class='ocrx_word' id='word_1_260' title='bbox 90 2381 426 2435; x_wconf 81' lang='lat' dir='ltr'>antilegatus,¹)</span> <span class='ocrx_word' id='word_1_261' title='bbox 468 2385 543 2435; x_wconf 91' lang='lat' dir='ltr'>qui</span> <span class='ocrx_word' id='word_1_262' title='bbox 585 2387 659 2425; x_wconf 89' lang='lat' dir='ltr'>est</span> <span class='ocrx_word' id='word_1_263' title='bbox 692 2384 852 2434; x_wconf 85' lang='lat' dir='ltr'>Rome,</span> <span class='ocrx_word' id='word_1_264' title='bbox 898 2386 1035 2426; x_wconf 82' lang='lat' dir='ltr'>vellet</span> <span class='ocrx_word' id='word_1_265' title='bbox 1081 2386 1239 2427; x_wconf 87' lang='lat' dir='ltr'>audire</span> <span class='ocrx_word' id='word_1_266' title='bbox 1272 2389 1531 2427; x_wconf 88' lang='lat' dir='ltr'>tractatum</span> <span class='ocrx_word' id='word_1_267' title='bbox 1578 2387 1862 2428; x_wconf 89' lang='lat' dir='ltr'>reductionis</span> 
     </span>
     <span class='ocr_line' id='line_1_32' title="bbox 90 2455 1861 2498; baseline 0.003 -5"><span class='ocrx_word' id='word_1_268' title='bbox 90 2465 171 2494; x_wconf 87' lang='lat' dir='ltr'>sue</span> <span class='ocrx_word' id='word_1_269' title='bbox 205 2457 251 2494; x_wconf 89' lang='lat' dir='ltr'>et</span> <span class='ocrx_word' id='word_1_270' title='bbox 294 2466 396 2494; x_wconf 89' lang='lat' dir='ltr'>cum</span> <span class='ocrx_word' id='word_1_271' title='bbox 430 2455 710 2496; x_wconf 88' lang='lat' dir='ltr'>liberacione</span> <span class='ocrx_word' id='word_1_272' title='bbox 753 2456 960 2496; x_wconf 84' lang='lat' dir='ltr'>civitatis</span> <span class='ocrx_word' id='word_1_273' title='bbox 995 2456 1203 2497; x_wconf 84' lang='lat' dir='ltr'>Romane</span> <span class='ocrx_word' id='word_1_274' title='bbox 1246 2457 1290 2497; x_wconf 91' lang='lat' dir='ltr'>in</span> <span class='ocrx_word' id='word_1_275' title='bbox 1324 2469 1463 2498; x_wconf 87' lang='lat' dir='ltr'>manu</span> <span class='ocrx_word' id='word_1_276' title='bbox 1507 2457 1678 2498; x_wconf 90' lang='lat' dir='ltr'>domini</span> <span class='ocrx_word' id='word_1_277' title='bbox 1712 2458 1861 2498; x_wconf 88' lang='lat' dir='ltr'>nostri</span> 
     </span>
     <span class='ocr_line' id='line_1_33' title="bbox 91 2525 1908 2576; baseline 0.003 -12"><span class='ocrx_word' id='word_1_278' title='bbox 91 2526 172 2565; x_wconf 89' lang='lat' dir='ltr'>aut</span> <span class='ocrx_word' id='word_1_279' title='bbox 205 2536 394 2565; x_wconf 88' lang='lat' dir='ltr'>suorum</span> <span class='ocrx_word' id='word_1_280' title='bbox 429 2526 764 2576; x_wconf 89' lang='lat' dir='ltr'>ministrorum,</span> <span class='ocrx_word' id='word_1_281' title='bbox 798 2528 845 2567; x_wconf 87' lang='lat' dir='ltr'>et</span> <span class='ocrx_word' id='word_1_282' title='bbox 878 2526 952 2566; x_wconf 89' lang='lat' dir='ltr'>ubi</span> <span class='ocrx_word' id='word_1_283' title='bbox 985 2527 1043 2567; x_wconf 91' lang='lat' dir='ltr'>ad</span> <span class='ocrx_word' id='word_1_284' title='bbox 1067 2527 1153 2568; x_wconf 90' lang='lat' dir='ltr'>hoc</span> <span class='ocrx_word' id='word_1_285' title='bbox 1188 2528 1491 2568; x_wconf 89' lang='lat' dir='ltr'>inclinaretur</span> <span class='ocrx_word' id='word_1_286' title='bbox 1523 2530 1567 2568; x_wconf 89' lang='lat' dir='ltr'>et</span> <span class='ocrx_word' id='word_1_287' title='bbox 1593 2529 1861 2570; x_wconf 83' lang='lat' dir='ltr'>execucioni</span> <span class='ocrx_word' id='word_1_288' title='bbox 1898 2525 1908 2529; x_wconf 79' lang='grc'><em>”</em></span> 
     </span>
     <span class='ocr_line' id='line_1_34' title="bbox 90 2594 1860 2649; baseline 0.003 -15"><span class='ocrx_word' id='word_1_289' title='bbox 90 2594 242 2635; x_wconf 86' lang='lat' dir='ltr'>debite</span> <span class='ocrx_word' id='word_1_290' title='bbox 277 2595 499 2647; x_wconf 88' lang='lat' dir='ltr'>traderet,</span> <span class='ocrx_word' id='word_1_291' title='bbox 534 2597 652 2647; x_wconf 86' lang='lat' dir='ltr'>quod</span> <span class='ocrx_word' id='word_1_292' title='bbox 689 2597 769 2637; x_wconf 89' lang='lat' dir='ltr'>tali</span> <span class='ocrx_word' id='word_1_293' title='bbox 805 2608 917 2638; x_wconf 85' lang='lat' dir='ltr'>casu</span> <span class='ocrx_word' id='word_1_294' title='bbox 952 2598 1255 2647; x_wconf 88' lang='lat' dir='ltr'>promittatur</span> <span class='ocrx_word' id='word_1_295' title='bbox 1288 2601 1335 2639; x_wconf 88' lang='lat' dir='ltr'>et</span> <span class='ocrx_word' id='word_1_296' title='bbox 1369 2598 1503 2639; x_wconf 87' lang='lat' dir='ltr'>detur</span> <span class='ocrx_word' id='word_1_297' title='bbox 1536 2599 1621 2639; x_wconf 85' lang='lat' dir='ltr'>sibi</span> <span class='ocrx_word' id='word_1_298' title='bbox 1657 2600 1860 2649; x_wconf 87' lang='lat' dir='ltr'>capellus</span> 
     </span>
     <span class='ocr_line' id='line_1_35' title="bbox 90 2667 1858 2722; baseline 0.003 -16"><span class='ocrx_word' id='word_1_299' title='bbox 90 2668 136 2706; x_wconf 87' lang='lat' dir='ltr'>et</span> <span class='ocrx_word' id='word_1_300' title='bbox 171 2668 354 2707; x_wconf 89' lang='lat' dir='ltr'>tantum</span> <span class='ocrx_word' id='word_1_301' title='bbox 389 2667 433 2706; x_wconf 91' lang='lat' dir='ltr'>in</span> <span class='ocrx_word' id='word_1_302' title='bbox 466 2667 722 2708; x_wconf 87' lang='lat' dir='ltr'>redditibus</span> <span class='ocrx_word' id='word_1_303' title='bbox 765 2668 1091 2709; x_wconf 85' lang='lat' dir='ltr'>beneficiorum</span> <span class='ocrx_word' id='word_1_304' title='bbox 1140 2669 1184 2709; x_wconf 91' lang='lat' dir='ltr'>in</span> <span class='ocrx_word' id='word_1_305' title='bbox 1230 2669 1317 2710; x_wconf 90' lang='lat' dir='ltr'>illis</span> <span class='ocrx_word' id='word_1_306' title='bbox 1366 2669 1590 2722; x_wconf 88' lang='lat' dir='ltr'>partibus,</span> <span class='ocrx_word' id='word_1_307' title='bbox 1634 2673 1858 2721; x_wconf 86' lang='lat' dir='ltr'>quantum</span> 
     </span>
     <span class='ocr_line' id='line_1_36' title="bbox 89 2736 998 2789; baseline 0.002 -12"><span class='ocrx_word' id='word_1_308' title='bbox 89 2748 209 2778; x_wconf 87' lang='lat' dir='ltr'>nunc</span> <span class='ocrx_word' id='word_1_309' title='bbox 243 2736 386 2778; x_wconf 89' lang='lat' dir='ltr'>habet</span> <span class='ocrx_word' id='word_1_310' title='bbox 417 2739 465 2778; x_wconf 93' lang='lat' dir='ltr'>et</span> <span class='ocrx_word' id='word_1_311' title='bbox 498 2738 645 2778; x_wconf 89' lang='lat' dir='ltr'>eciam</span> <span class='ocrx_word' id='word_1_312' title='bbox 681 2738 848 2789; x_wconf 86' lang='lat' dir='ltr'>aliquid</span> <span class='ocrx_word' id='word_1_313' title='bbox 884 2739 998 2789; x_wconf 90' lang='lat' dir='ltr'>plus.</span> 
     </span>
    </p>
   </div>
   <div class='ocr_carea' id='block_1_4' title="bbox 90 2819 1859 2943">
    <p class='ocr_par' dir='ltr' id='par_1_5' title="bbox 90 2819 1859 2943">
     <span class='ocr_line' id='line_1_37' title="bbox 208 2819 1859 2871; baseline 0.003 -12"><span class='ocrx_word' id='word_1_314' title='bbox 208 2819 321 2860; x_wconf 87' lang='lat' dir='ltr'>Item</span> <span class='ocrx_word' id='word_1_315' title='bbox 358 2822 614 2871; x_wconf 85' lang='lat' dir='ltr'>temptetur</span> <span class='ocrx_word' id='word_1_316' title='bbox 647 2821 896 2871; x_wconf 83' lang='lat' dir='ltr'>sapienter,</span> <span class='ocrx_word' id='word_1_317' title='bbox 931 2822 968 2862; x_wconf 85' lang='lat' dir='ltr'>si</span> <span class='ocrx_word' id='word_1_318' title='bbox 1003 2822 1045 2861; x_wconf 90' lang='lat' dir='ltr'>in</span> <span class='ocrx_word' id='word_1_319' title='bbox 1080 2822 1287 2864; x_wconf 80' lang='lat' dir='ltr'>Bononia</span> <span class='ocrx_word' id='word_1_320' title='bbox 1324 2824 1392 2864; x_wconf 83' lang='lat' dir='ltr'>vel</span> <span class='ocrx_word' id='word_1_321' title='bbox 1427 2824 1528 2864; x_wconf 89' lang='lat' dir='ltr'>aliis</span> <span class='ocrx_word' id='word_1_322' title='bbox 1554 2825 1691 2865; x_wconf 88' lang='lat' dir='ltr'>terris</span> <span class='ocrx_word' id='word_1_323' title='bbox 1715 2825 1859 2866; x_wconf 85' lang='lat' dir='ltr'>eccle-</span> 
     </span>
     <span class='ocr_line' id='line_1_38' title="bbox 90 2889 1857 2943; baseline 0.003 -13"><span class='ocrx_word' id='word_1_324' title='bbox 90 2889 169 2941; x_wconf 89' lang='lat' dir='ltr'>sie,</span> <span class='ocrx_word' id='word_1_325' title='bbox 204 2902 320 2941; x_wconf 90' lang='lat' dir='ltr'>quas</span> <span class='ocrx_word' id='word_1_326' title='bbox 355 2893 555 2942; x_wconf 88' lang='lat' dir='ltr'>occupat</span> <span class='ocrx_word' id='word_1_327' title='bbox 585 2890 838 2943; x_wconf 80' lang='lat' dir='ltr'>Johannes,</span> <span class='ocrx_word' id='word_1_328' title='bbox 873 2893 1024 2942; x_wconf 85' lang='lat' dir='ltr'>possit</span> <span class='ocrx_word' id='word_1_329' title='bbox 1057 2892 1153 2933; x_wconf 88' lang='lat' dir='ltr'>fieri</span> <span class='ocrx_word' id='word_1_330' title='bbox 1187 2895 1425 2935; x_wconf 85' lang='lat' dir='ltr'>tractatus</span> <span class='ocrx_word' id='word_1_331' title='bbox 1460 2895 1744 2936; x_wconf 89' lang='lat' dir='ltr'>reductionis</span> <span class='ocrx_word' id='word_1_332' title='bbox 1787 2896 1857 2935; x_wconf 85' lang='lat' dir='ltr'>vel</span> 
     </span>
    </p>
   </div>
   <div class='ocr_carea' id='block_1_5' title="bbox 208 3037 1094 3141">
    <p class='ocr_par' dir='ltr' id='par_1_6' title="bbox 208 3037 1094 3141">
     <span class='ocr_line' id='line_1_39' title="bbox 208 3037 395 3073; baseline 0 -9"><span class='ocrx_word' id='word_1_333' title='bbox 208 3038 240 3072; x_wconf 85' lang='lat' dir='ltr'>a)</span> <span class='ocrx_word' id='word_1_334' title='bbox 261 3037 303 3067; x_wconf 87' lang='lat' dir='ltr'>So</span> <span class='ocrx_word' id='word_1_335' title='bbox 324 3038 395 3073; x_wconf 71' lang='lat' dir='ltr'>Regy.</span> 
     </span>
     <span class='ocr_line' id='line_1_40' title="bbox 211 3098 1094 3141; baseline 0.002 -9"><span class='ocrx_word' id='word_1_336' title='bbox 211 3098 234 3141; x_wconf 92' lang='lat'>¹)</span> <span class='ocrx_word' id='word_1_337' title='bbox 265 3100 339 3133; x_wconf 71' lang='lat' dir='ltr'>Der</span> <span class='ocrx_word' id='word_1_338' title='bbox 367 3101 715 3135; x_wconf 67' lang='lat' dir='ltr'>Kurdiitaldialson</span> <span class='ocrx_word' id='word_1_339' title='bbox 746 3102 909 3136; x_wconf 61' lang='lat' dir='ltr'>jacobus</span> <span class='ocrx_word' id='word_1_340' title='bbox 936 3102 1094 3136; x_wconf 62' lang='lat' dir='ltr'>Isolmai.</span> 
     </span>
    </p>
   </div>
  </div>
 </body>
</html>
