2178 3404
619 161 839 194 Gutacliten
869 162 936 195 des
964 162 1172 195 Kardinals
1201 173 1275 195 von
1304 163 1473 196 Rheims.
1840 157 1923 197 657

157 272 294 313 tificis
328 270 470 312 factis
514 270 755 311 concilium
799 271 935 311 nichil
982 273 1139 321 potest
1175 272 1435 322 immutare,
1480 274 1527 312 ut
1572 272 1689 313 insi-a
1730 274 1922 315 dicetur.

157 342 385 394 Opportet
418 352 528 391 ergo
563 352 702 390 super
743 341 829 381 hoc
872 353 953 392 pro
997 341 1116 382 bono
1158 343 1286 392 pacis
1330 345 1536 383 tractare
1579 346 1625 383 et
1669 344 1923 385 deliberare

154 417 201 455 et
235 412 590 455 archidiaconus
632 412 676 451 in
719 412 843 453 dicto
887 424 924 452 c.
958 412 1119 452 Nullus
1135 409 1166 463 1)
1198 425 1418 463 expresse
1454 414 1595 464 ponit.
1641 415 1762 464 quod
1800 418 1922 455 trac-

154 486 284 526 tatus
319 482 675 524 deliberatorius
709 482 825 523 bene
858 485 1015 533 potest
1051 482 1162 523 fieri.

271 555 384 595 Item
410 553 545 594 decet
579 554 829 594 secundum
860 553 1173 594 honestatem.
1223 554 1336 595 Nam
1363 555 1529 596 electio
1554 555 1748 596 Romani
1773 558 1922 608 ponti-

152 626 253 667 ficis
285 626 423 666 debet
456 637 562 665 esse
596 637 724 675 pura,
759 625 942 665 sincera
969 627 1014 664 et
1040 625 1262 676 gratuita,
1298 626 1498 666 omnium
1531 627 1711 676 private
1745 628 1921 669 affecti-

152 698 253 739 onis
287 696 633 737 inordinacione
667 695 893 747 depossta,
928 696 971 735 in
997 709 1032 737 c.
1088 696 1134 735 In
1169 696 1354 736 nomine
1378 696 1558 736 Domini
1593 697 1750 738 XXIII.
1785 699 1842 751 di,
1876 702 1919 740 et

150 769 194 809 in
229 781 266 809 c.
320 767 402 808 Ubi
443 767 695 817 periculum
739 767 793 806 de
827 766 1053 807 electione
1087 767 1131 807 in
1165 767 1238 807 vl.
1304 767 1437 807 Modo
1473 768 1514 807 in
1551 769 1743 819 collegio
1778 770 1921 811 domi-

150 851 313 881 norum
349 838 649 879 cardinalium
684 850 776 878 non
811 840 919 878 sunt
961 838 1048 877 nisi
1084 838 1139 878 (Ie
1173 838 1352 879 duabus
1391 839 1664 880 nacionibus
1699 840 1841 881 Gallie
1875 845 1919 882 et

150 911 292 951 Italie.
356 909 414 949 Et
447 909 762 949 verisimiliter
795 908 1048 959 dubitatur7
1091 908 1212 959 quod
1246 909 1301 948 de
1334 921 1425 949 una
1464 911 1707 950 nacionum
1746 913 1921 962 predic-

150 984 303 1022 tarum
339 992 420 1031 per
452 979 764 1020 inordinatam
801 979 1097 1020 affectione-m
1134 980 1235 1030 plus
1280 992 1416 1030 quam
1453 983 1642 1031 propter
1676 994 1921 1024 commune

149 1052 319 1093 bonum
353 1051 525 1091 domini
569 1050 827 1091 cardinales
870 1051 1043 1100 eligant
1080 1063 1247 1101 papam
1289 1053 1333 1091 et
1378 1052 1579 1092 maxime
1619 1053 1674 1092 de
1713 1055 1920 1102 nacione.¹

148 1124 192 1163 in
238 1135 328 1173 qua
372 1124 447 1162 est
491 1122 640 1162 maior
684 1134 794 1172 pars
841 1121 1130 1162 dominorum
1177 1121 1493 1172 cardinalium„
1541 1123 1661 1172 quod
1704 1124 1769 1163 ita
1813 1137 1920 1175 sepe

147 1194 375 1235 hactenus
409 1193 561 1233 visum
595 1194 663 1232 est
712 1193 836 1233 racio
868 1193 926 1243 (P)
968 1193 1177 1242 preteriti
1224 1193 1342 1233 scire
1376 1192 1533 1233 futura
1572 1192 1698 1245 facit¹7
1738 1195 1922 1243 timor⁸l

149 1265 204 1305 de
238 1264 385 1305 veteri
420 1263 534 1304 facit
566 1263 726 1304 futura
761 1263 929 1314 caveri„
964 1275 1069 1304 cras
1098 1266 1317 1314 poterunt
1348 1263 1443 1303 Ilei-i
1479 1264 1632 1314 turpia
1661 1265 1779 1305 sicut
1808 1267 1918 1318 heri7

148 1338 200 1377 ut
232 1337 370 1376 notat
391 1334 460 1375 Jo.
486 1330 619 1385 M0.‘-')
651 1334 695 1374 in
730 1348 766 1375 c.
803 1333 883 1374 Ubi
919 1334 1069 1375 maius
1104 1336 1175 1374 est
1212 1337 1255 1375 et
1291 1335 1335 1374 in
1361 1348 1396 1375 c.
1432 1335 1569 1375 Fideli
1604 1335 1647 1375 in
1674 1334 1783 1387 Vm)
1831 1338 1918 1378 Sed

147 1419 228 1458 per
261 1408 484 1448 contenta
526 1405 570 1445 in
613 1405 775 1446 cedula
819 1405 941 1446 clare
976 1408 1195 1446 servatur
1227 1405 1452 1446 honestas
1487 1406 1776 1447 dominorum
1819 1421 1918 1449 cal·-

147 1477 366 1518 dinalium
400 1478 445 1516 et
481 1476 633 1517 tocius
668 1476 789 1516 sacri
825 1476 1016 1526 concilii⁷
1052 1476 1156 1526 quia
1191 1475 1557 1527 quibuscumque
1592 1477 1917 1519 affectionibus

144 1548 421 1589 inordinatis
455 1546 786 1598 precluduntur
820 1547 891 1587 vie
926 1558 1005 1597 per
1038 1546 1361 1587 adiunctiones
1397 1549 1465 1587 tot
1503 1548 1758 1588 valencium
1799 1550 1916 1590 viro-

145 1631 262 1670 rum,
302 1619 424 1659 sicut
459 1618 582 1659 clare
614 1620 773 1668 potest
806 1617 921 1658 bene
956 1618 1363 1658 considerantibus
1399 1630 1622 1668 apparere
1656 1619 1800 1659 eciam
1838 1632 1917 1670 per

145 1690 457 1730 iuramentum
492 1700 573 1739 per
607 1689 818 1730 dominos
854 1689 1114 1729 cardinales
1148 1692 1195 1728 et
1229 1689 1345 1729 alios
1380 1689 1464 1728 sibi
1507 1689 1752 1730 adiunctos
1786 1691 1915 1732 iuxta

146 1762 356 1801 tenorem
392 1759 550 1800 cedule
582 1760 788 1810 predicte
821 1760 1037 1810 prestari.

263 1830 353 1871 Sed
386 1831 596 1871 dicebam
630 1831 791 1881 tercio,
826 1831 947 1881 quod
987 1830 1172 1881 expedit
1212 1830 1420 1870 cedulam
1462 1831 1716 1881 predictam
1752 1836 1916 1873 sancte

142 1903 190 1942 et
239 1902 362 1942 iuste
407 1901 710 1942 deliberatam
759 1901 976 1952 amplecti
1022 1903 1213 1952 propter
1258 1901 1376 1941 bone
1422 1902 1603 1942 unionis
1650 1902 1914 1944 utilitatem.

143 1971 179 2013 Ο
203 1972 329 2012 Deus
363 1972 673 2023 omnipotens,
708 1972 746 2011 si
781 1972 1112 2023 procederetur
1146 1972 1203 2012 ad
1230 1972 1503 2012 electionem
1536 1972 1729 2013 Romani
1766 1975 1915 2023 ponti-

141 2042 241 2084 ficis
283 2043 474 2084 excluso
521 2043 713 2093 collegio
760 2043 1050 2084 dominorum
1096 2043 1411 2083 cardinalium.
1486 2043 1604 2083 Vere
1649 2056 1739 2083 non
1787 2048 1914 2085 esset

142 2114 324 2155 sedatio
359 2114 613 2165 scismatis,
646 2126 754 2166 ymo
788 2114 1071 2155 introductio
1106 2114 1346 2154 scismatis
1381 2114 1603 2164 perpetui.
1658 2114 1772 2154 Nam
1808 2115 1914 2156 doc-

140 2187 270 2226 tores
304 2185 477 2236 dicunt⁷
520 2184 655 2236 quod,
699 2185 736 2225 si
772 2185 1032 2225 cardinales
1067 2185 1289 2234 eligerent
1326 2196 1480 2235 unum,
1524 2186 1571 2224 et
1615 2187 1765 2225 totum
1801 2186 1913 2225 resi-

141 2256 280 2296 duum
323 2256 520 2296 ecclesie
564 2267 705 2295 unum
753 2255 906 2305 alium7
952 2255 1131 2295 electus
1178 2268 1203 2295 a
1247 2254 1559 2295 cardinalibus
1603 2258 1729 2295 esset
1775 2268 1913 2295 verus

142 2338 274 2376 papa.
323 2326 422 2366 Hoc
454 2326 582 2376 ponit
617 2338 838 2376 expresse
864 2326 1030 2366 Petrus
1056 2322 1346 2373 Bertrandi⁴)
1379 2326 1420 2365 in
1458 2338 1494 2365 c.
1544 2326 1626 2365 Ubi
1661 2326 1911 2375 perieulum

141 2396 306 2447 maius,
352 2395 518 2436 Petrus
561 2396 616 2436 de
660 2394 876 2444 Palude⁵)
922 2397 965 2436 in
1012 2396 1161 2436 libello
1206 2408 1290 2436 suo
1337 2396 1391 2435 de
1437 2398 1677 2446 potestate
1719 2397 1913 2436 ecclesie

141 2466 372 2517 confecto,
417 2462 755 2518 Augustinus'¹)
800 2467 945 2507 eciam
989 2467 1044 2507 de
1080 2466 1273 2507 Ancona
1316 2467 1357 2506 in
1402 2467 1552 2506 libello
1597 2479 1681 2507 suo
1715 2467 1909 2507 multum

139 2536 411 2577 notabiliter
442 2539 489 2577 et
522 2537 776 2578 scientifice
810 2537 1040 2584 confecto,
1074 2537 1144 2578 Jo.
1180 2537 1265 2577 An.
1300 2538 1343 2576 in
1379 2536 1467 2577 Cle.
1518 2537 1583 2577 Ne
1618 2537 1811 2577 Romani
1858 2537 1912 2577 de

139 2607 192 2647 el.
235 2607 279 2647 in
313 2604 466 2658 Cle..‚‘³)
508 2608 582 2647 ubi
629 2608 756 2658 dixit,
803 2608 922 2658 quod
966 2608 1008 2647 in
1049 2607 1224 2648 iuribus
1267 2620 1406 2658 super
1447 2608 1673 2647 electione
1716 2607 1912 2648 Romani

258 2728 288 2751 a)
311 2721 360 2747 Hs
380 2720 492 2746 rimor.
530 2720 572 2747 So
593 2720 676 2747 turcl?
698 2721 814 2755 spiitvr.
855 2720 887 2754 l»)
909 2721 956 2747 Ils
978 2722 1162 2754 Augustus.

260 2768 283 2811 ¹)
310 2768 354 2802 A.
381 2779 418 2802 α.
448 2769 484 2802 0.

257 2827 283 2870 “·’)
311 2827 519 2862 Kardinal
533 2828 733 2862 Johcmnes
746 2828 968 2862 Monachus.
1002 2829 1078 2871 Vgsl.
1096 2829 1177 2862 Avis
1191 2830 1261 2862 den
1285 2829 1408 2871 Tachn
1427 2829 1597 2872 Row'faz·
1622 2830 1722 2863 VIII.
1738 2829 1773 2863 S.
1792 2830 1860 2863 126
1872 2832 1910 2873 ff.

257 2884 284 2930 ³)
311 2887 334 2921 l.
360 2887 385 2920 I
406 2898 432 2922 c.
459 2888 492 2922 1.

257 2944 283 2987 ⁴¹)
310 2944 460 2980 Sclmlte
486 2946 533 2979 II
553 2947 632 2980 335.

258 3002 286 3046 5)
313 3005 468 3046 Hurter,
497 3005 766 3039 Nomcnclator
791 3005 836 3038 ΙΙ
858 3007 936 3039 537.

257 3063 589 3102 ⁶)l.It.3c.2.

212 3143 370 3177 Fiuke,
395 3144 479 3169 Acta
500 3143 632 3170 concilii
657 3144 934 3171 Constanciensis
957 3144 1007 3170 111.
1638 3125 1694 3165 42
