2178 3404
308 148 635 194 Anklageartikel
663 148 740 183 und
767 149 1127 193 Zeugenaussagen
1154 158 1280 192 gagen
1307 145 1463 181 ,Iohann
1491 145 1628 180 XXIII.

146 762 332 806 XLVIII.
385 766 501 807 Item
530 766 652 817 quod
681 797 688 805 .
719 797 726 805 .
757 798 764 806 .
790 766 937 806 eciam

89 848 227 888 super
295 848 522 888 personas
591 837 939 877 ecclesiasticas

179 940 187 948 .
220 908 265 948 in
298 910 401 949 toto
436 908 715 958 patrimonio
747 907 942 948 ecclesie

89 979 370 1029 gravissima
443 990 599 1029 onera,
672 978 828 1019 tallias
897 980 941 1018 et

90 1049 361 1090 exactiones
421 1049 807 1099 insupportabilia
862 1049 943 1088 im-

91 1120 247 1171 posuit
281 1152 288 1160 .
325 1152 332 1160 .
369 1152 376 1160 .
424 1121 594 1160 Ymmo
629 1121 775 1161 eciam
805 1131 944 1170 super

91 1191 207 1231 alios
242 1191 447 1241 prelatos
482 1191 830 1232 ecclesiasticos
866 1190 943 1230 ali-

94 1274 221 1302 arum
244 1264 476 1302 terrarum
497 1293 504 1301 .
526 1293 533 1301 .
555 1293 562 1301 .
583 1262 768 1302 diversa
789 1273 944 1312 onera,

91 1333 246 1373 tallias
289 1334 336 1373 et
378 1333 651 1374 exactiones
694 1332 945 1373 solvendas

93 1403 292 1444 dominis
342 1403 678 1454 temporalibus
729 1435 736 1443 .
786 1434 792 1442 .
842 1435 849 1443 .
900 1404 945 1442 et

94 1474 338 1525 presertim
383 1474 512 1525 regni
555 1474 762 1524 Francie,
807 1473 947 1514 comi-

93 1546 224 1585 tatus
268 1544 511 1595 Sabaudie,
558 1544 798 1585 provincie
844 1547 947 1594 etc,

94 1627 178 1656 nec
211 1627 303 1656 non
338 1616 727 1656 connnunitatum
761 1615 947 1655 Floren-

95 1687 175 1738 cie,
192 1686 489 1737 Venetorum,
507 1687 733 1727 Senarum
749 1688 795 1727 et
810 1686 948 1736 pluri-

94 1757 180 1798 bus
221 1758 336 1808 aliis,
378 1770 481 1798 cum
516 1758 680 1808 quibus
714 1757 758 1797 in
794 1757 947 1807 precio

95 1829 406 1880 participavit,
455 1829 689 1879 imposuit,
739 1828 854 1868 adeo
902 1829 947 1868 et

95 1899 139 1939 in
172 1902 371 1951 tantum,
415 1900 536 1951 quod
576 1899 685 1940 dicti
729 1899 947 1940 ecclesia-

96 1971 202 2011 stici
235 1970 421 2011 fuerunt
446 1973 491 2011 et
526 1973 636 2011 sunt
669 1972 805 2011 tanta.
838 1979 948 2021 pau-

96 2042 295 2092 pertatis
320 2042 540 2092 angustia
564 2041 738 2091 afflicti,
768 2043 819 2081 ut
844 2042 950 2091 post

98 2113 389 2163 propriorum
402 2112 793 2163 patrimonialium
807 2111 950 2152 bono-

98 2195 199 2224 rum
228 2183 635 2234 consumpcionem
664 2183 951 2223 necessitate

98 2254 237 2295 famis
290 2253 446 2305 libros,
500 2254 668 2294 calices
717 2256 762 2293 et
817 2264 951 2293 orna-

100 2327 259 2366 menta
282 2325 582 2366 ecclesiarum
609 2325 809 2365 vendere
843 2326 954 2364 sunt

102 2396 253 2437 coacti
298 2428 306 2436 .
351 2427 358 2435 .
404 2428 411 2436 .
477 2396 641 2446 Sicque
686 2427 692 2434 .
729 2427 736 2434 .
773 2427 780 2434 .
820 2406 952 2444 repu-

102 2469 231 2507 tatur
265 2466 431 2516 palam,
467 2466 644 2516 publice
678 2468 721 2505 et
757 2465 953 2505 notorie.

178 3128 336 3163 Fiuke,
357 3130 443 3155 Acta
465 3128 597 3155 concilii
620 3127 907 3155 Gonstanciensis.
947 3127 999 3153 111.

1776 137 1858 180 193

1008 259 1072 298 sis
1121 258 1265 309 idem3
1314 257 1430 297 dixit
1479 268 1529 297 se
1578 257 1859 307 corripuisse

1007 341 1175 379 papam
1215 331 1405 379 propter
1446 328 1546 368 hoc.
1612 328 1862 368 (¹orrector

1008 399 1185 440 audivit
1218 399 1304 439 hoc
1340 411 1366 439 a
1400 398 1684 439 doctoribus.
1747 399 1860 438 Lau-

1008 470 1164 510 densis
1190 482 1258 520 ep.
1279 469 1662 510 dicitarticulum
1683 480 1861 520 verum,

1008 541 1113 591 quia
1160 541 1275 581 vidit
1321 540 1524 581 studium
1570 540 1862 581 Bononiense

1009 613 1199 662 propter
1233 623 1423 652 causam
1460 612 1759 652 articulatam
1787 611 1862 651 de-

1011 684 1259 723 structum.

1073 772 1260 816 XLVIII.
1308 776 1528 826 Nigrandi
1558 776 1702 817 refert
1733 788 1782 817 se
1807 776 1865 817 ad

1017 848 1229 899 superius
1254 847 1482 898 deposita.
1525 845 1721 898 Funczo,
1746 847 1864 897 quod

1017 921 1091 959 est
1111 930 1285 968 verum,
1304 918 1535 968 publicum
1560 920 1604 958 et
1630 918 1863 958 notorium

1018 992 1063 1030 et
1100 989 1221 1040 quod
1255 989 1507 1040 ipsummet
1541 991 1714 1029 testem
1749 989 1867 1029 talli-

1019 1061 1130 1111 avit,
1170 1059 1479 1100 incarceravit
1515 1061 1559 1100 et
1601 1060 1868 1100 exactiona-

1018 1132 1098 1171 vit.
1146 1130 1655 1181 Quinqueecclesiensis
1680 1130 1792 1170 dicit
1814 1130 1869 1170 de

1019 1201 1160 1242 talliis
1214 1202 1260 1241 et
1312 1201 1414 1241 aliis
1468 1201 1511 1240 in
1562 1200 1769 1241 Bononia
1823 1204 1866 1240 et

1021 1272 1260 1313 Florencia
1287 1271 1386 1312 fore
1412 1271 1639 1322 publicum
1667 1273 1714 1312 et
1736 1272 1870 1312 noto-

1020 1344 1153 1384 rium.
1204 1343 1249 1382 P.
1275 1342 1415 1383 Nardi
1450 1342 1575 1393 dicit,
1610 1342 1732 1393 quod
1766 1343 1867 1393 scit,

1023 1414 1145 1465 quod
1187 1414 1231 1453 in
1266 1413 1415 1454 Roma
1456 1413 1625 1463 pluries
1665 1413 1709 1453 in
1750 1425 1870 1454 anno

1021 1485 1245 1535 imposuit
1269 1485 1423 1525 tallias
1448 1486 1493 1525 et
1514 1496 1593 1534 per
1612 1484 1700 1525 hoc
1721 1485 1870 1525 clerus

1023 1555 1109 1596 fuit
1134 1556 1495 1606 depauperatus,
1530 1557 1581 1595 ut
1604 1555 1648 1595 in
1674 1555 1870 1596 articulo

1024 1626 1302 1667 continetur.
1387 1625 1520 1666 Card.
1576 1625 1871 1666 Florentinus

1024 1697 1134 1737 dicit
1193 1696 1437 1737 articulum
1492 1707 1669 1746 verum,
1734 1699 1871 1746 prout

1023 1768 1179 1817 sepius
1226 1767 1416 1807 audivit.
1481 1766 1560 1816 Ep.
1600 1766 1872 1806 Narniensis

1023 1838 1131 1878 dicit
1179 1837 1234 1877 de
1276 1837 1578 1888 imposicione
1624 1837 1871 1887 talliarum,

1024 1909 1145 1959 quod
1169 1910 1244 1949 est
1268 1908 1492 1949 articulus
1517 1919 1656 1949 verus
1681 1910 1728 1948 et
1752 1908 1873 1959 quod

1025 1992 1146 2030 papa
1194 1979 1493 2030 participavit
1541 1978 1626 2018 XX
1674 1979 1799 2019 milia
1849 1991 1874 2018 a

1025 2050 1318 2100 Florentinis,
1396 2050 1560 2100 quibus
1640 2050 1875 2091 concessit

1026 2134 1159 2173 papa,
1213 2121 1334 2171 quod
1387 2120 1551 2160 LXXX
1604 2120 1729 2161 milia
1782 2121 1874 2160 exi-

1026 2193 1203 2243 gerent.
1295 2190 1534 2231 .]ollannes
1595 2191 1649 2231 de
1704 2191 1874 2242 Poleyo

1027 2263 1138 2303 dicit
1192 2262 1437 2302 articulum
1493 2273 1667 2302 verum.
1752 2262 1875 2312 Deys

1028 2333 1139 2373 dicit
1179 2332 1424 2373 articulum
1460 2344 1619 2372 verum
1662 2334 1708 2371 et
1741 2335 1875 2372 noto-

1028 2404 1159 2443 rium.
1224 2403 1272 2442 R.
1307 2403 1361 2442 de
1397 2402 1557 2442 Vincio
1598 2402 1709 2442 dicit
1749 2405 1794 2442 ut
1832 2403 1875 2442 in

1031 2474 1226 2514 articulo
1262 2473 1316 2512 de
1351 2473 1701 2522 dilapidacione.
1758 2472 1876 2513 Wol-

1022 2555 1181 2584 marus
1199 2543 1308 2583 dicit
1323 2543 1566 2583 articulum
1582 2555 1757 2595 verum,
1771 2544 1877 2594 quia

1022 2614 1137 2655 vidit
1149 2614 1347 2654 litteras.
1361 2613 1413 2653 H.
1428 2613 1565 2654 Kuwt
1582 2614 1689 2654 dicit
1707 2615 1876 2654 articu-

1022 2685 1114 2726 lum
1150 2697 1324 2725 verum.
1387 2685 1670 2726 Procurator
1703 2686 1876 2725 ordinis

1023 2756 1414 2797 Theotonicorum
1465 2756 1576 2797 dicit
1624 2768 1783 2796 verum
1833 2757 1877 2796 in

1025 2827 1172 2878 Italia,
1206 2826 1359 2877 quoad
1390 2827 1504 2867 alias
1529 2829 1688 2877 partes
1711 2827 1876 2868 nescit.

1026 2896 1388 2948 Cephaludensis
1412 2899 1459 2937 et
1480 2897 1735 2937 Laudensis
1759 2897 1877 2947 epis-

1027 2969 1128 3018 copi
1162 2968 1321 3008 dicunt
1357 2968 1602 3008 articulum
1637 2979 1796 3008 verum
1831 2970 1877 3007 et

1025 3041 1218 3090 uterque
1246 3038 1445 3079 reddunt
1471 3047 1640 3078 causas
1665 3038 1876 3078 sciencie.

1612 3106 1664 3146 13
