2178 3404
290 161 376 204 590
645 171 706 203 III.
737 169 956 203 Abschnitt.
1007 167 1198 201 Benedikt
1227 166 1325 200 XIII.
1353 165 1431 199 und
1458 166 1530 199 das
1556 165 1705 199 Konzil.

289 281 610 329 informarent,
643 292 700 320 ne
736 281 893 319 tamen
926 276 1210 318 adversariis
1244 275 1514 327 gerentibus
1549 275 1889 315 dissensionem
1933 284 2066 315 occa-

288 353 465 393 sionem
502 350 704 402 pretensi
751 348 958 390 scandali
1005 347 1199 398 prebeat
1244 347 1486 387 materiam
1541 346 1937 396 qualemcumque,
1984 357 2065 396 pro

288 436 407 464 nunc
443 422 589 463 solum
626 421 702 461 illa
744 419 1065 471 respondendo
1112 418 1307 469 apperit,
1342 429 1428 468 que
1475 417 1573 456 sine
1620 416 1918 466 cuiuscumqe
1964 427 2066 466 pro-

290 494 541 534 vocacione
593 494 671 533 aut
726 490 948 531 scandalo
990 502 1073 541 pro
1122 501 1206 530 sua
1256 500 1367 529 vera
1418 489 1465 528 et
1507 487 1714 538 legitima
1757 487 2067 527 excusacione

288 564 502 605 sufficere
536 563 654 604 satis
688 562 847 603 credit.

408 647 465 686 Et
489 646 595 696 quia
630 644 794 685 statim
829 643 913 684 sibi
942 645 1105 694 posset
1140 641 1271 692 obici,
1307 653 1387 682 cur
1421 640 1680 681 doctrinam
1707 639 1832 680 beati
1858 638 2066 690 Gregorii

288 718 342 758 de
376 717 568 758 vitando
603 715 826 756 scandalo
861 715 903 754 in
938 714 1024 755 hoc
1071 725 1153 753 sue
1201 711 1520 763 responsionis
1563 710 1786 761 principio
1832 711 2066 762 allegavit,

288 789 377 840 qui,
411 791 459 829 ut
496 788 539 827 in
574 787 806 838 premissa
840 785 1002 826 cedula
1034 784 1339 835 pretenditur,
1378 782 1510 833 gravi
1546 781 1767 822 scandalo
1801 781 1896 822 sere
1929 793 2065 832 gene-

290 860 450 900 raliter
474 858 595 909 apud
621 869 782 898 omnes
818 855 1143 897 christifideles
1169 856 1335 895 contra
1368 853 1519 904 ipsum
1553 853 1597 892 in
1620 852 1704 892 Dei
1739 852 1936 893 ecclesia
1961 854 2065 893 orto

288 930 531 981 providere
565 928 731 979 renuit,
766 928 824 968 ad
856 927 942 967 hoc
978 939 1097 977 papa
1131 925 1255 975 dicit,
1291 924 1425 975 quod,
1458 924 1567 964 licet
1596 923 1681 964 sibi
1704 934 1798 963 non
1827 925 2065 975 appareat,

289 1001 453 1052 quibus
477 1000 654 1041 iuribus
678 1001 806 1039 recte
823 997 1128 1048 concluditur,
1153 996 1273 1047 quod
1292 997 1483 1046 propter
1501 996 1772 1045 pretensum
1794 994 2065 1035 scandalum

288 1085 408 1123 papa
441 1073 660 1112 teneatur
700 1070 863 1110 cedere
897 1072 945 1109 et
970 1070 1128 1109 cetera
1155 1067 1324 1117 facere,
1359 1069 1497 1116 prout
1520 1066 1565 1105 in
1591 1064 1752 1106 cedula
1785 1065 2064 1116 continetur,

289 1144 395 1193 quia
430 1145 588 1183 tamen
624 1153 817 1191 presens
852 1140 996 1190 ipsius
1037 1138 1281 1188 responsio
1328 1149 1418 1177 non
1461 1136 1652 1187 requirit
1701 1135 2065 1176 altercacionum

287 1213 540 1264 dispendia,
576 1215 646 1252 set
694 1223 800 1251 vere
834 1213 878 1250 et
932 1210 1085 1250 brevis
1129 1208 1448 1259 responsionis
1492 1206 1710 1247 effectum
1756 1206 1814 1247 ad
1856 1206 2066 1256 predicta

289 1284 543 1335 respondit,
593 1282 714 1333 quod
746 1282 914 1322 nedum
950 1293 1084 1331 papa,
1128 1285 1199 1320 set
1244 1279 1518 1329 quicumque
1568 1278 1685 1318 alius
1720 1277 1928 1328 prelatus
1973 1289 2065 1317 non

286 1356 520 1405 obligatur
553 1355 742 1404 propter
775 1354 1046 1403 pretensum
1071 1350 1343 1392 scandalum
1379 1349 1556 1400 cedere,
1581 1348 1687 1399 quia
1710 1348 1892 1389 notorie
1925 1356 2064 1398 appa-

286 1429 354 1466 ret
390 1426 476 1466 hoc
512 1424 783 1465 scandalum
818 1435 909 1463 non
943 1422 1042 1463 fore
1076 1421 1347 1472 pusillorum
1383 1422 1457 1461 set
1491 1419 1826 1471 phariseorum,
1870 1418 2064 1459 scisma-

286 1497 499 1545 ticorum,
534 1497 888 1546 persecutorum
914 1496 961 1534 et
985 1493 1180 1533 aliorum
1205 1491 1453 1532 infidelium
1485 1490 1814 1541 precissorum.
1865 1488 2065 1530 Constat

286 1569 422 1619 0111111,
457 1567 578 1618 quod
611 1566 744 1606 multi
778 1565 929 1616 pusilli
963 1564 1213 1615 populares
1248 1565 1294 1603 et
1327 1562 1424 1602 Deo
1459 1561 1630 1612 devoti,
1671 1560 1743 1601 alii
1778 1560 1924 1601 eciam
1960 1571 2063 1610 1110-

288 1640 378 1680 vidi
412 1642 456 1679 01
493 1638 683 1678 (11001011
719 1650 771 1678 ac
806 1637 980 1677 literati
1019 1635 1118 1687 viri,
1153 1635 1226 1685 qui
1262 1634 1409 1675 adhuc
1445 1633 1489 1673 in
1524 1632 1793 1673 obediencia
1840 1641 1925 1672 sua
1963 1643 2063 1682 1101-

284 1711 457 1750 sistunt
494 1712 539 1749 et
575 1709 743 1759 plures,
780 1708 853 1758 qui
889 1707 1004 1747 alias
1051 1705 1136 1746 sibi
1187 1705 1505 1755 obediverunt,
1550 1703 1656 1744 licet
1703 1715 1823 1744 nunc
1866 1702 1958 1743 sint
2005 1702 2064 1742 ad

288 1780 660 1821 subtractionem
697 1778 863 1829 coacti,
898 1777 1047 1818 adhuc
1082 1777 1167 1817 hoc
1204 1775 1395 1817 credunt
1445 1787 1497 1815 ac
1544 1776 1707 1814 tenent
1751 1776 1795 1813 et
1844 1773 2064 1823 dicerent,

285 1853 322 1892 si
359 1851 598 1901 auderent,
633 1851 678 1890 in
711 1850 796 1900 his,
831 1860 916 1899 que
950 1847 1064 1889 fiunt
1101 1850 1267 1888 contra
1301 1858 1484 1897 papam,
1511 1845 1596 1885 sibi
1626 1845 1837 1885 iniuriam
1866 1844 2062 1894 irrogari

282 1926 325 1963 et
361 1934 453 1962 11011
487 1933 568 1972 1101·
601 1933 720 1971 eum,
755 1923 826 1960 set
863 1931 943 1971 per
976 1919 1074 1959 eius
1110 1920 1440 1969 persecutores
1474 1916 1519 1956 in
1553 1916 1751 1956 ecclesia
1784 1915 1869 1956 hoc
1904 1926 2062 1965 repro-

284 1993 392 2034 bum
440 1992 711 2033 scandalum
758 1990 968 2039 incitari;
1018 1990 1137 2030 unde
1182 2001 1273 2029 non
1325 1986 1625 2028 obstantibus
1671 1986 1876 2026 sinistris
1921 1984 2062 2025 infor-

283 2062 574 2104 macionibus
609 2065 652 2103 et
689 2062 979 2102 dominorum
1015 2072 1205 2100 suorum
1242 2063 1285 2099 et
1335 2058 1529 2099 aliorum
1563 2059 1806 2107 potentum
1858 2068 2061 2096 commo-

284 2135 492 2175 cionibus
527 2134 619 2174 ista
656 2133 832 2183 publice
869 2133 1101 2180 asserunt,
1138 2130 1258 2181 quod
1301 2131 1431 2179 patet
1478 2129 1522 2168 in
1557 2127 1807 2177 Aragonia,
1843 2126 2061 2177 Castella,

286 2206 464 2255 Scocia,
499 2204 724 2244 Navarra.
759 2203 970 2253 Francia,
1006 2201 1159 2242 Sicilia
1191 2203 1239 2241 et
1273 2199 1500 2250 aliquibus
1536 2198 1637 2238 aliis
1671 2198 1883 2248 partibus
1918 2197 2062 2247 Italie,

283 2277 403 2316 idem
438 2276 585 2316 eciam
611 2286 691 2325 per
724 2274 842 2314 1111110
879 2273 1088 2313 cedulam
1119 2274 1247 2322 patet
1274 2271 1328 2311 de
1352 2270 1454 2320 illis,
1490 2269 1564 2320 qui
1589 2281 1691 2309 eam
1717 2268 1932 2318 offerunt,
1957 2279 2058 2308 cum

283 2348 483 2397 possunt
516 2348 561 2386 et
597 2345 843 2385 consulunt
879 2344 965 2394 ipsi
1000 2354 1130 2394 pape,
1166 2341 1300 2392 quod,
1337 2341 1375 2380 si
1409 2352 1513 2381 011111
1547 2339 1636 2379 11110
1683 2339 1737 2379 de
1779 2338 2061 2379 Constancia

283 2420 443 2468 posset
477 2415 764 2457 concordari.
800 2415 854 2455 de
894 2414 1086 2465 praticis
1134 2425 1213 2463 per
1258 2412 1408 2462 ipsum
1456 2410 1626 2451 oblatis
1675 2409 1772 2461 fiat,
1819 2410 1855 2449 01
1903 2412 2057 2450 autem

282 2489 348 2528 ita
380 2487 653 2528 concordari
682 2499 772 2526 non
807 2487 983 2536 posset,
1018 2487 1127 2525 tunc
1163 2482 1484 2532 concordetur,
1518 2483 1567 2521 ut
1601 2480 1787 2531 petitur,
1820 2480 1895 2520 ubi
1921 2492 2059 2530 11111111-

282 2561 368 2609 ret,
403 2559 525 2599 sicut
560 2558 675 2598 alias
701 2557 857 2607 sepius
883 2556 1056 2597 dictum
1081 2557 1170 2605 est,
1196 2565 1277 2605 per
1300 2565 1380 2594 eos
1405 2554 1450 2592 et
1478 2552 1607 2602 111100,
1632 2551 1706 2602 qui
1730 2550 1868 2591 modo
1892 2561 2059 2600 papam

284 2630 603 2680 persecuntur,
638 2628 758 2678 quod
792 2627 1000 2678 praticas
1046 2637 1163 2676 pape
1208 2624 1356 2664 bonas
1405 2624 1682 2673 reputarunt
1733 2624 1777 2661 et
1824 2622 2059 2671 reputant,

283 2701 399 2741 alias
433 2700 554 2740 male
597 2702 641 2739 et
678 2700 842 2739 contra
890 2696 1229 2738 conscienciam
1277 2695 1406 2745 ipsas
1453 2693 1599 2743 primo
1647 2691 1965 2742 procurandas
2014 2692 2057 2730 et

282 2770 634 2812 concordandas
670 2768 916 2809 consulunt
953 2770 999 2807 et
1033 2766 1284 2807 affirmant.
1320 2767 1391 2805 set
1426 2765 1617 2814 propter
1640 2762 2058 2803 contradictionem

283 2841 675 2890 scismaticorum,
709 2839 1022 2879 hereticorum
1056 2839 1102 2877 et
1136 2837 1488 2887 persecutorum
1525 2843 1656 2884 pape,
1692 2833 1729 2873 si
1762 2844 1853 2873 non
1897 2843 2058 2873 conce-

283 2913 378 2963 dat,
414 2911 534 2962 quod
568 2910 756 2961 petitur,
789 2909 952 2960 gravia
987 2907 1208 2949 scandala
1242 2908 1290 2947 et
1322 2905 1524 2956 pericula
1560 2904 1789 2955 dubitant,
1822 2903 1898 2943 illa
1920 2901 2058 2943 vitari

284 2982 533 3023 consulunt
567 2984 612 3021 01
649 2980 932 3029 11001110111111,
967 2978 1258 3029 requirentes
1293 2979 1341 3017 et
1374 2976 1710 3026 protestantes,
1745 2976 1797 3014 ut
1829 2974 1873 3013 in
1899 2971 2059 3013 cedula

285 3053 563 3094 continetur.
628 3051 693 3091 Ex
729 3051 948 3101 predictis
983 3061 1092 3100 ergo
1127 3050 1321 3099 apparet
1356 3049 1483 3087 recte
1524 3045 1821 3086 considerare
1865 3041 2057 3084 volenti-
