2178 3404
276 136 361 177 ‘222
651 145 672 176 Ι.
703 145 922 177 Abschnitt.
975 145 1128 177 Johann
1157 144 1291 177 XXIII.
1321 144 1397 177 und
1425 145 1495 179 das
1522 146 1670 181 Konzil.

276 254 392 301 cilio„
427 255 501 294 ubi
531 253 661 293 multi
691 253 920 303 principes
946 255 992 293 et
1016 253 1181 303 prelati
1207 257 1554 304 congregantur
1577 258 1625 297 et
1649 256 1837 297 fuerunt
1861 269 2052 308 congre-

274 326 386 376 gati,
412 325 667 376 glorianter
691 326 738 364 et
760 324 1013 364 lmnorifice
1035 324 1383 374 mangnificavit
1405 328 1584 367 statum
1605 339 1739 368 suum
1760 330 1804 368 et
1828 330 2051 369 vestrum.

274 397 433 437 dicens
467 398 511 436 et
550 398 714 435 tenens
749 408 821 435 me
863 407 942 445 per
991 407 1177 435 manuni
1228 396 1309 436 hec
1364 397 1505 437 verba
1556 399 1624 438 vel
1675 399 1867 457 similia:
1919 399 2051 449 Ecce‚

274 468 659 517 quandocumque
697 467 925 515 volumus
960 478 1046 507 nos
1083 479 1185 506 cum
1222 467 1388 507 fratre
1414 471 1577 509 nostro
1628 470 1666 509 d.
1715 482 1822 520 rege
1867 470 2052 511 Polonie

274 539 509 588 possimus
544 538 599 578 ad
645 550 783 578 unam
828 538 947 577 diem
992 538 1331 588 quadringenta
1374 539 1499 579 milia
1544 543 1847 591 armatorum,
1894 553 2051 592 ymmo

272 611 316 649 et
351 610 624 658 octingenta
659 609 781 649 milia
818 620 1116 659 congregare.
1184 609 1241 649 Et
1275 610 1340 650 sic
1375 610 1544 660 incepit
1579 623 1786 662 narrare,
1822 613 2051 662 quomodo

272 681 314 720 in
352 680 479 720 Ruda
515 693 617 720 cum
655 682 815 720 vestra
853 681 1109 720 serenitate
1145 680 1440 721 concluserat
1478 684 1642 722 contra
1678 682 1887 723 Thurcos
1922 696 2051 724 exer—

273 752 393 792 citus
440 763 643 800 movere,
691 752 769 792 sed
820 754 1008 802 propter
1054 752 1396 792 multitiulinem
1445 753 1734 793 exercituum
1782 767 1863 805 per
1910 767 2047 795 unam

273 824 393 864 viam
428 824 493 863 ire
527 835 618 863 non
654 824 927 873 potuissetis
962 826 1065 874 etc.7
1100 823 1202 873 quia
1240 823 1408 873 pabula
1452 835 1532 873 pro
1578 825 1724 865 tantis
1767 826 2050 866 exercitibus

270 907 360 935 non
405 895 667 945 potuissent
712 895 931 935 invenire.
999 895 1053 934 Et
1099 895 1165 935 sic
1208 906 1427 943 magnam
1474 907 1603 945 spem
1646 896 1789 937 habet
1831 897 1872 936 in
1919 897 2050 937 vobis

270 968 313 1006 et·
350 967 544 1007 multum
583 967 637 1007 de
673 969 833 1006 vestra.
869 966 1151 1007 confidencia
1187 969 1231 1006 et
1270 967 1551 1006 assistent-ia
1584 967 1823 1017 gloiiatur.

268 1118 389 1167 (loo)
429 1119 756 1169 {nasseinomtvr
788 1133 848 1159 (m
884 1119 940 1160 K.
968 1118 1264 1172 siglis-mmm.-
1298 1120 1566 1175 Dringycmle
1595 1121 1966 1174 Aufsbrdermtgs,
1999 1123 2046 1162 rin

418 1191 592 1231 &at-laen
641 1192 723 1231 dm·
772 1191 913 1231 I'm'on
964 1204 1056 1231 nm·
1102 1193 1342 1232 consilium
1392 1206 1553 1234 senum
1600 1206 1653 1233 :n
1702 1193 1902 1245 befolglcn
1950 1194 2051 1233 wod

416 1261 627 1303 Himvcis
659 1263 752 1314 (inf
779 1263 853 1302 die
888 1263 1313 1314 lcirchmapolilisclw
1349 1263 1569 1317 Tdtisstcee‘t
1602 1264 1748 1305 Isso-(2
1784 1263 1858 1304 IV.
1915 1265 2050 1311 (1415

418 1334 533 1374 mich
570 1333 815 1377 februar.)

387 1414 502 1457 Ρναῃ,
535 1414 708 1448 Muscam
738 1415 808 1448 126
833 1417 859 1458 f.
888 1416 979 1448 241:

388 1488 566 1529 Littera
582 1489 882 1529 exhortativa
907 1489 964 1529 ad
988 1501 1142 1539 regem
1164 1488 1498 1537 Romanorum„
1518 1493 1569 1531 ut
1594 1490 1818 1531 adhereat
1839 1490 2045 1531 concilio.

388 1561 693 1602 serenissime
719 1573 771 1600 ac
798 1561 1161 1601 clementissime
1186 1562 1400 1611 princeps
1424 1561 1741 1602 Romanorum
1762 1574 1843 1601 rex
1864 1572 2049 1611 semper

267 1634 479 1681 auguste.
547 1632 749 1672 Grandia
783 1632 1008 1682 siquidem
1045 1632 1181 1672 audio
1217 1632 1272 1672 de
1308 1635 1388 1673 tua
1424 1633 1541 1673 mira
1574 1635 1618 1673 et
1645 1633 1783 1683 digna
1814 1644 2046 1673 cominen-

266 1702 459 1743 dacione
493 1703 755 1743 extollenda
794 1703 1057 1753 prudencia
1125 1704 1243 1753 Scio2
1287 1705 1408 1755 quod
1452 1705 1545 1745 tuis
1586 1704 1713 1755 puris
1753 1704 2046 1745 naturalibus

265 1774 455 1815 relictus
483 1775 842 1825 benignissimus
868 1778 999 1815 totus
1025 1781 1165 1824 atque
1194 1775 1532 1816 invictissimus
1567 1776 1799 1819 existeris.
1833 1776 2046 1827 quodque

264 1846 307 1885 in
343 1844 470 1886 facto
496 1845 928 1886 desiderantissime
954 1858 1005 1886 ac
1041 1845 1390 1895 expeditissime
1426 1847 1608 1887 unionis
1642 1847 1837 1887 ecclesie
1866 1846 2046 1887 ferven-

265 1916 445 1956 tissime
481 1917 719 1958 laborasti.
786 1919 941 1959 Motus
976 1919 1118 1969 igitur
1151 1931 1237 1970 ego
1273 1918 1542 1959 christicola
1576 1918 1673 1959 zelo
1708 1918 1813 1959 boni
1844 1919 2046 1959 universi

212 1987 216 1988 ⁷
264 1987 564 2027 maiestatem
600 1991 729 2029 tuam
765 1990 941 2040 regiam
975 1991 1238 2032 lacrimosis
1274 1989 1420 2030 oculis
1455 1992 1501 2029 et
1525 1992 1716 2040 gutture
1740 1990 2045 2040 gemebundo.

264 2058 494 2108 precibus„
531 2060 696 2110 quibus
732 2073 939 2110 possum„
974 2062 1223 2102 humilibus
1259 2063 1302 2101 et
1340 2061 1524 2101 devotis
1560 2072 1702 2102 exoro
1737 2064 1783 2101 et
1830 2074 1910 2111 per
1954 2061 2045 2101 vis-

263 2141 371 2170 cera
403 2129 515 2170 -Jesu
553 2130 737 2173 (¹11ristL
773 2132 847 2182 qui
882 2144 967 2173 suo
1002 2144 1087 2173 nos
1123 2144 1285 2173 omnes
1322 2133 1532 2182 precioso
1577 2133 1802 2182 sanguine
1849 2132 2046 2172 redemit

263 2202 309 2241 et
342 2201 386 2240 in
422 2202 551 2242 cuius
586 2203 730 2243 eciam
780 2204 1005 2254 sanguine
1051 2204 1251 2244 ecclesia
1298 2206 1450 2244 mater
1503 2205 1669 2244 nostra
1713 2203 1911 2244 fundata
1958 2205 2044 2254 est,

263 2272 473 2324 obsech
508 2285 564 2313 ne
600 2275 768 2314 amodo
804 2278 882 2315 tue
918 2275 1173 2315 bonitatem
1224 2288 1276 2315 ac
1324 2275 1624 2315 clemenciam
1668 2274 1934 2315 maiestatis
1980 2274 2044 2313 in—

262 2346 422 2385 natam
460 2347 599 2395 atque
634 2346 911 2397 flagrantem
938 2349 982 2387 et
1009 2349 1159 2387 totum
1188 2360 1268 2397 per
1292 2346 1448 2387 orbem
1477 2346 1717 2396 vulgatam
1747 2345 2042 2386 affectionem

261 2416 511 2465 ingentem,
546 2428 681 2467 quam
719 2418 761 2457 in
796 2417 925 2458 facto
960 2418 1143 2458 unionis
1179 2418 1411 2468 sequende
1450 2417 1655 2457 habuisti
1702 2418 1745 2456 et
1795 2416 1943 2456 adhuc
1989 2415 2044 2455 de

261 2488 480 2538 presenti,
515 2489 699 2531 estimo,
726 2489 885 2530 habes.
917 2490 1195 2530 subvertant
1222 2489 1582 2540 malignancium
1609 2487 1803 2528 consilia
1826 2490 1870 2527 et
1898 2486 2044 2527 fucati

262 2557 463 2604 colores;
497 2571 587 2599 non
623 2560 746 2600 ultra
781 2563 826 2600 te
861 2560 1089 2601 seducant,
1130 2572 1289 2601 eorum
1325 2560 1488 2601 dolosa
1524 2559 1765 2610 colloquia,
1809 2570 1901 2599 non
1948 2570 2042 2598 am-

262 2629 394 2679 plius7
450 2629 659 2677 obsecro,
716 2633 793 2671 tue
843 2631 1110 2672 maiestatis
1160 2643 1298 2672 aures
1349 2631 1572 2681 benignas
1627 2630 1823 2680 prebeas
1872 2628 2043 2669 talibus

261 2700 520 2751 audituras⁷
555 2701 636 2741 sed
670 2702 852 2752 obtura„
888 2702 1097 2743 obsecro.
1164 2703 1258 2743 lam
1294 2702 1464 2753 pluries
1499 2704 1545 2742 te
1582 2701 1877 2751 deceperunt.
1943 2699 2041 2739 Noli

260 2771 385 2811 omni
419 2771 600 2822 spiritui
636 2773 838 2817 credere
873 2774 955 2813 sed
990 2774 1135 2813 aciem
1172 2775 1250 2814 tue
1290 2773 1461 2813 mentis
1507 2773 1552 2812 in
1595 2774 1641 2813 te
1686 2772 1837 2822 ipsum
1884 2770 2041 2811 reflec-

260 2842 400 2882 tendo
437 2843 682 2883 considera
715 2846 758 2883 et
795 2844 1010 2884 examina
1046 2844 1304 2894 diligentem
1340 2846 1495 2884 utrum
1530 2856 1585 2884 ex
1620 2843 1716 2883 Deo
1753 2843 1875 2882 sunt.
1940 2841 2040 2881 Noli

260 2913 396 2953 malis
430 2916 477 2953 et
510 2914 721 2964 reprobis
757 2915 958 2960 credere„
1006 2915 1081 2965 qui
1125 2918 1170 2955 te
1218 2927 1375 2955 secum
1422 2915 1466 2954 in
1513 2913 1808 2965 precipicium
1854 2912 2041 2953 trahere

261 2986 472 3034 querunt.
539 2984 768 3035 Aquiesce
802 2997 913 3036 ergo
948 2986 1279 3037 benignissime
1312 2986 1439 3036 prius
1475 2985 1668 3025 consilio
1715 2985 1941 3024 bonorum
1993 2987 2041 3023 et

262 3055 396 3095 crede
431 3058 526 3095 tam
563 3057 811 3096 venerabili
847 3062 988 3107 atque
1024 3057 1274 3107 conspicuo
1311 3056 1432 3096 cetui
1464 3056 1715 3106 proborum
1751 3067 1803 3095 ac
1838 3055 1881 3094 in
1916 3054 2039 3095 omni
