2178 3404
537 188 573 222 (ἵ.
627 189 696 221 Dio
726 185 1054 231 Vorhandlungen
1084 198 1158 220 von
1188 184 1422 229 Perpignan.
1777 175 1864 218 483

91 302 196 352 etc.,
230 300 282 340 ut
314 310 456 349 supra
490 298 766 347 continetur,
800 297 918 337 idem
954 297 993 336 d.
1027 309 1069 336 n.
1105 309 1225 347 papa
1257 308 1339 346 pro
1373 296 1482 336 dicti
1516 296 1556 336 d.
1590 296 1714 346 regis
1749 296 1863 337 Ara-

93 381 262 420 gonum
285 368 576 409 consciencia
595 368 855 408 serenanda
874 367 1045 407 habitis
1066 368 1259 407 consilio
1279 369 1325 407 et
1344 366 1679 408 deliberacione
1699 379 1801 408 cum
1823 367 1864 407 d.

92 439 418 490 cardinalibus,
452 439 643 489 prelatis
667 439 715 478 et
738 437 897 477 multis
921 438 1023 478 aliis
1048 437 1314 478 scientificis
1339 449 1392 494 ac
1416 437 1561 478 Deum
1592 438 1863 479 timentibus

94 511 203 551 viris
227 509 494 560 respondet,
529 508 650 559 quod
675 539 682 547 .
709 539 717 548 .
744 540 751 548 .
778 508 1032 558 practicam
1059 504 1356 558 acceptati-el)
1394 508 1499 548 ,sed
1528 510 1579 548 ut
1612 520 1863 559 processus

92 581 202 621 dicti
225 580 403 631 negocii
429 579 486 620 ad
510 578 782 619 memoriam
807 578 1071 629 reducatur,
1107 578 1440 618 attendendum
1465 580 1552 629 est,
1577 579 1696 629 quod
1720 591 1866 630 nuper

92 651 305 692 dominus
324 652 487 691 noster
506 649 561 690 ad
582 649 662 689 Dei
682 649 930 690 servicium
950 650 996 689 et
1016 648 1184 689 bonum
1206 649 1388 689 unionis
1408 649 1603 689 ecclesie
1622 650 1865 690 serenissi-

91 734 167 762 mo
191 722 504 762 Romanorum
532 720 626 769 regi
652 720 859 770 predicto
884 719 1000 760 duas
1025 720 1127 759 vias
1153 719 1365 770 apperuit
1389 731 1469 770 per
1491 732 1629 760 unam
1655 721 1862 761 cedulam

92 792 163 832 die
197 791 294 832 XV.
325 789 542 832 Octobris
578 791 682 831 anni
717 791 807 831 iam
842 790 952 831 dicti
989 790 1211 831 traditam
1246 790 1424 831 tenoris
1459 791 1716 841 sequentis:
1752 793 1863 832 (¹um

91 875 173 913 per
190 862 539 902 serenissimum
558 861 598 901 d.
619 861 962 911 Sigismundum
984 873 1137 911 regem
1161 861 1475 902 Romanorum
1497 863 1584 901 etc.
1605 864 1656 902 ut
1674 858 1867 913 sumas-³)

210 945 384 985 Postea
404 946 559 985 autem
582 976 590 984 .
611 976 618 984 .
641 976 647 983 .
669 940 1017 995 recesserunt.³)
1046 944 1215 985 Videat
1233 956 1343 994 ergo
1364 944 1517 984 dictus
1536 945 1866 985 serenissimus

92 1027 170 1056 rex
206 1015 491 1066 Aragonum,
526 1027 663 1066 quam
699 1015 851 1066 utiles,
887 1027 1024 1065 quam
1073 1027 1235 1056 secure
1281 1016 1328 1055 et
1373 1016 1500 1055 certe
1535 1017 1644 1055 sunt
1690 1015 1866 1065 pratice

90 1087 200 1127 dicti
235 1086 275 1126 d.
309 1098 350 1126 n.
386 1097 502 1136 pape
538 1097 678 1136 supra
712 1086 901 1137 inserte,
936 1098 1022 1136 que
1058 1086 1213 1136 utique
1247 1098 1338 1125 non
1372 1085 1581 1135 indigent
1614 1085 1751 1136 longo
1776 1086 1866 1125 dis-

92 1169 230 1198 cursu
263 1157 503 1207 temporis,
537 1168 627 1196 non
664 1156 830 1196 timent
851 1156 1117 1197 infectionis
1144 1157 1211 1197 vel
1243 1156 1533 1197 tmnultuose
1558 1156 1867 1196 multitudinis

92 1240 173 1269 seu
214 1228 596 1278 congregacionis
643 1228 891 1268 discrimen
937 1240 1084 1278 neque
1132 1230 1358 1268 terrorem
1401 1239 1482 1268 seu
1528 1227 1864 1278 inpressionem

92 1299 296 1349 potentis
331 1298 550 1349 principis
574 1299 644 1339 vel
670 1299 863 1339 alterius
895 1298 1226 1349 formidabunt,
1258 1298 1340 1338 sed
1364 1298 1515 1339 aderit
1537 1298 1673 1349 plena
1697 1298 1868 1339 securi-

90 1371 166 1410 tas
200 1372 247 1410 et
275 1369 482 1420 libertas,
517 1369 666 1420 qualis
700 1369 951 1420 requiritur
984 1369 1027 1409 in
1062 1369 1186 1410 dicto
1220 1369 1414 1420 negocio
1443 1369 1639 1410 unionis.
1694 1369 1752 1409 Et
1785 1381 1867 1420 pro

93 1440 291 1481 breviori
325 1439 624 1490 expedicione
660 1473 668 1481 .
704 1472 712 1480 .
748 1472 755 1480 .
790 1437 1082 1491 provisumfl)
1146 1440 1192 1480 F.
1228 1440 1414 1481 Rovira.

211 1510 299 1551 Sed
332 1512 406 1551 est
439 1510 692 1562 sciendum,
727 1511 847 1562 quod
873 1523 953 1551 rex
979 1511 1294 1552 Romanorum
1330 1511 1567 1562 predictus
1590 1523 1682 1552 non
1707 1523 1867 1562 accep-

91 1581 213 1622 tavit
246 1582 453 1632 praticas
476 1594 557 1633 per
580 1582 774 1623 eundem
811 1583 851 1623 d.
876 1595 918 1623 n.
944 1595 1110 1633 papam
1137 1582 1322 1623 oblatas
1347 1582 1404 1623 ad
1434 1582 1648 1623 unionem
1674 1583 1869 1623 ecclesie

93 1652 467 1703 consequendam
501 1665 586 1693 nec
633 1654 769 1694 aliam
807 1654 877 1693 vel
925 1653 1040 1694 alias
1087 1653 1396 1694 racionabiles
1442 1653 1566 1693 dicto
1601 1653 1641 1693 d.
1675 1665 1717 1693 n.
1752 1665 1869 1704 pape

93 1723 319 1775 apperuit,
352 1736 461 1775 ymo
498 1725 737 1764 tractatus
783 1725 1038 1775 rumpendo
1076 1756 1082 1763 .
1119 1756 1126 1763 .
1162 1756 1170 1764 .
1217 1724 1485 1775 apperirent
1502 1721 1534 1775 ⁵)
1580 1725 1683 1776 etc.,
1731 1726 1868 1774 prout

94 1793 164 1833 die
197 1792 335 1833 XXX.
367 1795 542 1835 mensis
578 1793 796 1836 Octobris
832 1796 1040 1846 proxime
1075 1795 1218 1846 elapsi
1255 1795 1298 1835 in
1332 1795 1575 1846 presencia
1608 1795 1717 1835 dicti
1752 1795 1793 1835 d.
1824 1807 1867 1835 n.

92 1876 209 1914 pape
243 1864 385 1905 verbo
420 1866 585 1917 rogati,
620 1867 777 1917 ortati,
812 1866 973 1907 moniti
1009 1868 1056 1906 et
1089 1866 1297 1917 requisiti
1332 1865 1535 1917 fuerunt,
1570 1868 1621 1906 ut
1654 1866 1868 1916 superius

93 1935 372 1976 continetur.
436 1936 503 1977 Ac
538 1937 791 1987 protestati
827 1939 937 1977 sunt
970 1949 1169 1987 persone
1203 1937 1409 1978 iamdicti
1434 1937 1578 1977 eciam
1611 1937 1654 1976 in
1680 1936 1868 1987 scriptis

90 2005 414 2047 nichilominus
449 2009 614 2048 contra
648 2019 743 2059 eos,
779 2008 900 2058 quod
934 2019 1025 2048 non
1061 2019 1141 2058 per
1174 2007 1366 2048 eundem
1410 2007 1450 2047 d.
1484 2019 1526 2047 n.
1560 2019 1743 2058 papam,
1786 2006 1867 2047 sed

92 2088 173 2126 per
207 2076 443 2127 predictos
478 2080 725 2128 pretensos
759 2079 954 2119 nuncios
988 2079 1134 2129 ipsius
1176 2078 1560 2129 congregacionis
1596 2077 1868 2118 Constanci-

90 2146 216 2186 ensis
256 2146 430 2199 stabat,
474 2149 721 2199 quominus
765 2149 1008 2189 tolleretur
1050 2149 1223 2190 scisma
1266 2150 1314 2189 et
1358 2148 1514 2189 debita
1559 2148 1664 2189 unio
1708 2148 1751 2188 in
1786 2148 1866 2188 Dei

211 2273 235 2315 ¹)
264 2273 395 2307 Druck:
432 2274 622 2318 Rayvald
649 2285 683 2308 a.
713 2285 747 2308 a.
779 2275 816 2307 0.
843 2274 881 2309 S.
907 2275 974 2308 431
989 2285 1013 2308 a
1039 2276 1080 2319 fl,
1117 2285 1187 2308 ron
1227 2273 1439 2316 respondet
1474 2285 1530 2308 an
1565 2274 1621 2307 bis
1647 2275 1867 2315 acceptare.

89 2332 128 2366 Ζ.
152 2332 200 2365 28
234 2332 353 2365 misso
388 2333 431 2365 st.
472 2333 706 2366 commissio.
756 2334 862 2367 4311)
902 2334 937 2367 Ζ.
966 2335 988 2367 5
1024 2333 1226 2375 dampnati
1262 2335 1305 2367 st.
1343 2333 1570 2374 dampnata.
1623 2333 1658 2365 Z.
1686 2334 1732 2366 30
1770 2333 1867 2364 Uon-

91 2390 246 2424 stancia
271 2394 316 2426 st.
335 2392 666 2426 Constanciensis.
709 2393 746 2426 Z.
775 2393 821 2425 18
847 2392 1042 2425 relacione
1069 2394 1111 2426 st.
1142 2402 1187 2424 ex
1217 2391 1424 2424 relacione.
1464 2393 1501 2425 Z.
1522 2393 1540 2425 1
1570 2401 1644 2423 non
1674 2391 1868 2431 libertate,

89 2449 182 2491 fehlt
207 2452 272 2484 εἰη
302 2451 419 2486 Wart.
447 2453 545 2486 ctwa
573 2451 761 2493 predicta,
789 2451 887 2485 auch
917 2452 950 2484 R
980 2450 1014 2485 C.

212 2508 239 2548 2)
265 2509 441 2544 Martem
468 2511 534 2544 Nr.
559 2511 589 2543 1.

211 2565 238 2603 3)
266 2568 441 2603 Martem}
469 2569 535 2602 Nr.
564 2569 667 2603 2—5.
718 2568 787 2602 Die
824 2568 908 2602 hier
933 2569 977 2602 iu
1005 2569 1074 2602 der
1104 2568 1251 2603 Cedvla
1286 2579 1372 2603 vom
1398 2569 1431 2600 8.
1460 2568 1664 2602 November
1693 2568 1867 2611 yeyebenc

92 2625 347 2669 Davus-tellum
389 2629 457 2661 der
505 2627 839 2669 Verh(zmllmegjcu
890 2628 1114 2661 'ze-iederlwlt
1157 2627 1344 2661 Revedih·t
1384 2628 1429 2661 ‘iv'
1473 2628 1542 2661 der
1585 2626 1732 2662 Cedula
1783 2638 1866 2661 vom

90 2684 146 2716 12.
176 2684 380 2719 November
418 2685 480 2728 ,Ut
516 2686 730 2728 appareat‘,
767 2686 845 2728 fast
875 2685 1055 2720 ›viii-{licia
1110 2687 1242 2720 Hardt
1268 2686 1313 2719 II
1344 2687 1414 2719 496
1449 2686 1515 2728 (τι.)
1542 2705 1585 2708 Η
1611 2687 1692 2719 499.
1744 2686 1866 2720 Danu

90 2743 257 2777 wcichen
285 2744 347 2777 (lle
378 2744 486 2778 Tcoete
511 2745 620 2778 stcw‘k
647 2744 703 2778 ab.

210 2801 237 2844 ⁴)
266 2802 398 2837 Dicser
428 2803 504 2837 Tell
533 2804 580 2837 lst
606 2804 704 2838 (erich
731 2804 913 2837 {mamert
938 2804 982 2837 ‘in
1009 2804 1218 2838 Benedikts
1244 2804 1422 2838 Antwort
1454 2814 1539 2837 rom
1566 2804 1621 2837 12.
1651 2803 1865 2838 November.

92 2860 225 2895 Harslt
250 2862 389 2896 11499.
429 2862 605 2896 Murteae
632 2873 667 2897 (ι.
687 2873 724 2897 (ι.
745 2862 780 2896 0.
810 2863 903 2896 1212
927 2863 1009 2904 (ΝΥ.
1030 2862 1076 2904 6),
1105 2862 1197 2898 hier.
1225 2864 1339 2897 meter
1358 2862 1603 2905 Auslasswigl
1630 2864 1698 2896 der
1719 2862 1866 2895 &edula

91 2919 139 2953 K.
166 2919 424 2954 Ferdinamls
448 2931 535 2955 vom
560 2922 594 2954 3.
622 2921 828 2955 November
853 2922 938 2955 mm
965 2923 1030 2955 des
1054 2923 1179 2955 ersten
1210 2922 1307 2956 Tcils
1333 2922 1457 2955 dieser
1486 2921 1631 2955 Ccdula
1658 2921 1867 2954 Remedia-ts

91 2987 174 3010 vom
204 2979 237 3010 8.
267 2979 479 3015 November.
516 2979 780 3014 mevermittelt
806 2991 861 3014 cm,
889 2981 948 3014 die
976 2980 1278 3023 Darstellnglcn
1307 2981 1376 3014 der
1411 2980 1734 3022 l'erhmedlvmgsev
1764 2979 1865 3013 nach

94 3036 176 3069 dem
205 3037 262 3070 26.
291 3038 446 3072 Oh'tobcr
471 3038 770 3081 anyeschlossen.

212 3094 240 3132 ⁵)
267 3095 475 3129 Tractatus
504 3123 510 3130 .
540 3123 546 3130 .
575 3123 581 3130 .
609 3097 832 3139 apperirent
859 3097 1050 3141 Rngstmld
1075 3098 1199 3138 432a;
1226 3097 1262 3130 Z.
1291 3097 1336 3131 18
1362 3107 1437 3138 quo
1463 3098 1507 3131 st.
1534 3107 1642 3139 quas.

1570 3158 1651 3200 31*
