2178 3404
253 165 339 204 (364
559 172 621 205 IV.
649 172 867 205 Abschnitt.
920 171 995 203 Der
1022 170 1350 211 Schriftencyclus
1378 181 1444 202 zur
1472 170 1705 212 Papstwalil.

253 283 595 332 contradicunt7
636 281 757 332 quod
809 281 950 321 talem
998 282 1213 320 vocatam
1262 280 1537 320 electionem
1583 292 1674 320 non
1721 284 2019 331 acceptarent

253 365 398 403 neque
433 352 745 402 acceptabunt
790 363 874 391 nec
915 351 1074 391 taliter
1116 350 1264 391 electo
1312 350 1553 390 obedirent
1599 350 1668 391 vel
1716 350 1931 391 obedient
1976 353 2023 391 et

254 424 370 464 alias
415 423 469 463 de
518 422 731 462 nullitate
779 424 823 462 et
881 421 1148 461 irritacione
1198 421 1306 460 talis
1359 422 1525 461 vocat-e
1577 421 1818 461 electionis
1869 421 2023 461 future

253 499 295 533 et
345 494 398 534 de
434 494 637 533 omnium
673 493 769 533 iure
803 492 971 542 prefati
1008 492 1129 541 regis
1165 503 1246 541 pro
1287 503 1336 531 se
1376 493 1423 531 et
1462 491 1616 541 regnis
1657 493 1704 531 et
1744 492 1844 532 aliis
1886 492 2024 532 terris

252 568 295 604 et
344 563 599 604 dicionibus
634 564 731 604 suis
765 565 813 603 et
837 563 1031 603 ecclesie
1056 574 1109 603 ac
1134 562 1418 612 prelatorum
1444 561 1674 601 dictorum
1700 573 1947 612 regnorum
1978 564 2025 602 et

253 635 482 674 diciomun
520 646 709 674 suarum
744 636 791 674 et
825 633 879 673 de
912 632 1123 673 habendo
1149 644 1391 672 recursum
1418 632 1474 672 ad
1509 632 1663 672 omnia
1686 633 1890 672 remedia
1912 632 2024 673 facti

252 708 295 744 et
333 705 444 745 iuris
479 704 634 745 debita
669 704 991 754 competencia
1024 706 1070 743 et
1105 705 1351 753 oportuna.
1418 702 1474 742 Et
1508 703 1717 753 predicta
1751 703 1906 744 dicunt
1942 716 2024 753 pro

253 789 302 815 se
337 778 380 815 et
417 775 601 815 nomine
636 775 725 815 iam
761 775 885 814 (licto
921 776 967 814 et
1000 786 1082 824 pro
1118 774 1332 814 omnibus
1367 775 1415 813 et
1448 774 1642 823 singulis
1677 773 1762 814 sibi
1804 774 2025 815 adheren-

252 845 374 886 tibus
410 848 457 885 et
491 845 714 886 adherere
750 845 1014 886 volentibus
1048 845 1091 884 in
1125 845 1212 884 hac
1246 846 1380 894 parte
1414 847 1458 884 et
1495 844 1549 884 de
1582 844 1670 884 hiis
1716 847 1879 895 petunt
1925 844 2022 885 fieri

254 916 482 966 publicum
518 917 878 957 instrumentum
915 918 959 955 et
995 915 1310 955 instrumenta
1343 927 1426 965 per
1460 927 1544 955 vos
1586 916 1820 955 notarium
1856 915 1913 956 ad
1946 915 2025 956 ha-

254 988 451 1028 bendum
488 987 759 1027 memoriam
796 987 839 1026 in
873 985 1095 1026 futurum.

251 1177 371 1225 (269)
404 1176 574 1217 Proseis-f
606 1177 688 1216 dci·
719 1176 965 1216 deutschen
1014 1175 1112 1215 mn(
1145 1174 1403 1227 myli-sclam
1439 1174 1606 1215 Nasici?
1645 1176 1694 1215 in
1732 1174 2029 1226 Ie'erbe'mlwegy

402 1248 480 1288 mil
513 1246 959 1299 (gyrcgsore'a›el-schem)
984 1245 1279 1287 Isca-dinami
1319 1259 1426 1287 asir.
1459 1246 1590 1286 metm·
1613 1246 1919 1298 Erwcilmuuy
1950 1246 2029 1286 (Ie-s·

398 1318 734 1369 dromoni-<cleon
771 1316 993 1357 Professus
1025 1330 1169 1369 gscgjcn
1201 1318 1286 1357 dci!
1322 1316 1713 1369 Papstmtlelplwt
1744 1317 1826 1357 der
1858 1315 2028 1356 Kardi—

400 1390 518 1437 nale,
553 1389 635 1429 dm·
665 1400 804 1441 gscgscn
842 1388 916 1428 (lie
948 1384 1317 1428 Ix‘omelsclckrc'tc
1353 1388 1450 1429 nied
1481 1400 1625 1440 gycgjen
1657 1388 1731 1429 (lie
1755 1386 2030 1428 Narbonncr

402 1458 576 1499 sslrte'lccl
608 1459 685 1499 sci.
751 1460 886 1499 (1417
917 1457 1087 1501 dmm)

373 1553 493 1585 Paris
520 1550 616 1584 ΒΗΛ.
648 1550 855 1585 Nationalc
882 1551 969 1584 Lat.
998 1551 1090 1584 1450
1114 1550 1143 1593 f.
1169 1551 1248 1583 446.

375 1637 443 1677 Ad
478 1637 658 1677 laudem
695 1636 1031 1687 ‹cunnipotentis
1055 1636 1151 1687 Dei,
1175 1648 1335 1687 pacem
1363 1640 1406 1677 et
1434 1638 1647 1677 unionem
1676 1640 1840 1677 sancte
1864 1637 2030 1677 matris

254 1709 448 1749 ecclesie
483 1711 526 1747 et
564 1708 714 1748 tocius
751 1708 903 1758 populi
939 1707 1193 1748 christiani.
1258 1706 1419 1748 Amen.

374 1792 486 1831 (¹um
522 1803 622 1841 vos,
656 1790 696 1830 d.
733 1790 1008 1840 cardinales,
1042 1790 1086 1829 in
1120 1790 1238 1830 facie
1272 1790 1407 1831 huius
1442 1791 1563 1831 sacri
1611 1791 1790 1832 concilii
1838 1794 1883 1831 et
1932 1791 2030 1830 sine

255 1862 593 1902 deliberacione
628 1864 674 1901 et
709 1872 942 1901 consensu
976 1861 1095 1901 illius
1130 1861 1187 1901 ad
1222 1862 1519 1901 tractandum
1557 1862 1611 1901 de
1635 1862 1773 1902 modo
1807 1864 1852 1902 et
1878 1861 2030 1902 forma

254 1933 448 1983 eligendi
482 1945 664 1982 papam7
700 1932 966 1982 priusquam
1012 1931 1290 1972 resormacio
1337 1933 1532 1973 ecclesie
1579 1933 1746 1973 saltem
1792 1933 1837 1972 in
1877 1933 2029 1983 capite

255 2008 297 2043 et
337 2003 464 2044 curia
498 2003 555 2042 ad
590 2003 773 2042 modum
811 2006 857 2043 et
892 2002 1090 2043 formam
1125 2003 1384 2053 eligendum
1420 2004 1689 2044 necessaria
1723 2003 1853 2044 facta
1876 2004 2029 2054 fuerit,

256 2086 421 2113 manus
468 2076 668 2113 vestras.
716 2073 835 2113 sicut
884 2073 1010 2113 fama
1055 2073 1254 2124 laborat,
1302 2086 1533 2123 apponere
1590 2075 1886 2125 presumatis,v
1938 2086 2029 2115 non

256 2144 622 2190 considerantes,
647 2144 782 2194 quod,
808 2145 846 2184 si
871 2147 978 2184 ante
998 2144 1385 2185 resormacionem
1404 2145 1668 2186 huiusmodi
1693 2145 1751 2186 ad
1771 2148 2028 2186 tractatum

255 2215 309 2255 de
344 2215 481 2254 modo
516 2217 558 2254 et
598 2214 747 2255 forma
783 2215 978 2265 eligendi
1014 2217 1057 2254 et
1095 2215 1257 2255 deinde
1291 2215 1349 2255 ad
1382 2215 1657 2256 electionem
1700 2216 2029 2266 procederetis,

256 2290 419 2326 contra
454 2286 643 2326 decreta
677 2286 812 2326 liuius
847 2285 969 2326 sacri
1005 2286 1181 2326 concilii
1216 2288 1259 2325 et
1297 2288 1461 2326 contra
1495 2287 1701 2327 ordinem
1737 2287 1781 2326 in
1816 2287 2029 2337 capitulis

260 2356 667 2396 Narbonnensibus
702 2357 940 2397 decretum
975 2356 1196 2398 faceretis
1230 2360 1277 2398 et
1317 2358 1402 2409 ille,
1437 2370 1571 2408 quem
1597 2358 1845 2408 eligeretis,
1871 2358 2029 2397 verisi-

257 2428 425 2467 militer
459 2427 515 2467 ab
551 2428 764 2468 omnibus
800 2428 1080 2469 obedienciis
1114 2440 1234 2469 nunc
1269 2440 1348 2479 per
1387 2430 1592 2479 graciam
1629 2429 1710 2469 Dei
1751 2429 1892 2470 unitis
1938 2441 2029 2469 non

256 2499 540 2548 reciperetur
573 2498 616 2538 in
658 2511 840 2549 papam.
875 2500 997 2539 sicut
1043 2511 1098 2539 ex
1144 2500 1494 2549 protestacione
1540 2500 1656 2540 alias
1703 2512 1861 2541 coram
1898 2499 2029 2540 vobis

257 2580 336 2619 per
371 2568 742 2609 ambassiatores
785 2570 1072 2610 serenissimi
1115 2570 1238 2620 regis
1273 2569 1567 2620 Arragonum
1611 2570 1739 2610 facta
1779 2573 1825 2611 et
1858 2582 1914 2610 ex
1953 2570 2028 2610 de-

255 2639 397 2680 cretis
433 2639 474 2678 in
509 2639 595 2679 hoc
629 2652 766 2680 sacro
803 2641 996 2681 concilio
1032 2653 1172 2691 super
1203 2641 1290 2680 hiis
1325 2641 1462 2681 editis
1497 2642 1616 2682 satis
1652 2643 1811 2691 potest
1844 2641 2027 2691 intueri,

255 2714 298 2750 et
336 2710 402 2749 sic
438 2710 612 2751 scisma
645 2723 832 2761 novum,
868 2712 1020 2761 priore
1054 2711 1216 2752 forsan
1251 2712 1471 2763 deterius7
1506 2712 1626 2762 quod
1649 2712 1774 2753 Deus
1800 2708 2030 2759 avertat³¹)

204 2803 210 2804 ν
258 2781 300 2820 in
337 2781 608 2821 scandalum
644 2785 688 2821 et
716 2781 1033 2822 turbacionem
1062 2783 1213 2823 tocius
1239 2783 1601 2824 christianitatis
1625 2783 1860 2824 faceretis.
1908 2780 2028 2831 Quass

256 2854 445 2902 propter
490 2864 575 2892 nos
622 2852 777 2893 inclite
846 2854 1066 2894 naciones
1114 2853 1390 2895 Germanica
1435 2856 1481 2895 et
1527 2853 1784 2905 Anglicana
1829 2866 2027 2895 unacum

257 2922 538 2963 assistencia
567 2923 892 2964 nonnullorum
925 2924 964 2964 d.
996 2925 1312 2975 cardinalium,
1342 2925 1731 2977 patriarcharum,
1762 2925 2027 2976 primatum,

374 3085 404 3114 a)
427 3084 473 3110 110-
494 3083 662 3111 advertat,
