2178 3404
566 155 692 193 Briel'e
719 161 778 193 bis
805 170 873 194 zur
897 161 1124 204 Absetzung
1145 155 1322 194 Johanns
1350 160 1484 194 XXIII.
1825 154 1911 195 305

140 267 179 306 si
212 267 334 308 bono
374 269 535 308 vestro
550 266 582 317 ²¹)
616 268 809 308 ulterius
858 269 1138 310 contradicit
1183 272 1230 309 et
1265 270 1418 310 venite
1433 264 1466 319 b)
1501 282 1604 311 cum
1638 271 1807 322 gaudio
1853 272 1910 312 ad

139 339 355 378 sacratos
389 337 531 388 pedes
565 338 736 378 domini
769 340 919 379 nostri
954 340 1253 391 sanctissimi,
1289 353 1314 380 a
1340 341 1469 381 cuius
1493 341 1689 382 mirabili
1714 342 1909 382 clemen-

140 408 224 459 cia,
259 408 472 459 quicquid
496 405 697 455 vestrec)
732 410 1022 450 consciencie
1047 411 1245 462 salubre,
1281 411 1493 462 quicquid
1527 411 1650 452 fame
1675 412 1908 457 decorunr

139 478 353 529 quicquid
395 474 641 529 personed)
680 479 791 520 utile
833 480 909 531 sit,
951 480 1166 521 facillime
1206 483 1367 522 vestra
1410 484 1678 523 reverencia
1693 484 1723 534 θ)
1768 484 1909 534 impe-

138 544 326 601 trabitf)
358 549 403 589 in
437 561 525 600 quo
560 549 876 600 principaliter
890 548 921 600 g)
958 551 1123 591 bonum
1163 547 1435 607 vestrumhl
1455 555 1503 593 et
1536 565 1789 603 paucarum
1815 554 1908 594 ani-

138 629 332 671 marum,
367 632 453 671 que
486 616 612 667 vos¹)
646 620 768 661 forte
802 623 1038 671 secuntur7
1074 622 1331 663 considero.

255 690 370 731 Nam
406 703 494 742 quo
531 691 588 731 ad
628 703 787 743 pacem
831 692 1025 732 ecclesie
1060 693 1243 744 attinet,
1286 694 1410 734 illam
1452 693 1636 736 (f'hristo
1676 691 1908 746 graciask)

137 762 228 803 iam
263 774 424 803 sumus
468 763 622 813 adepti
657 762 927 813 persectam.
992 762 1164 804 Omnes
1211 765 1329 804 enim
1376 776 1526 816 reges,
1569 766 1722 806 omnia
1766 778 1906 817 regna

138 844 390 884 omnesque
425 833 739 873 comunitates
774 836 819 874 et
854 834 1057 874 dominia
1097 835 1458 875 christianitatis
1504 847 1642 876 unam
1687 840 1910 877 secuntur

136 903 380 945 ecclesiam
415 906 461 943 et
496 903 678 944 unicum
713 903 1117 956 indubitatumque
1152 905 1433 946 confitentur
1473 906 1643 947 Christi
1686 907 1905 948 vicarium

136 974 393 1025 predictum
447 974 795 1015 sanctissimum
848 975 888 1015 d.
937 987 979 1015 11.
1029 976 1069 1015 (l.
1115 975 1363 1016 Martinum
1411 976 1565 1017 divina
1611 978 1908 1028 providencia

137 1057 303 1096 papam
329 1045 552 1096 quintum.
608 1044 828 1086 Finaliter
854 1057 962 1086 vero
989 1049 1194 1087 vestram
1223 1047 1591 1087 dominacionem
1616 1059 1773 1099 exoro,
1798 1061 1907 1099 qua-

136 1118 272 1156 tenus
297 1115 334 1156 si
360 1115 543 1166 aliquod
564 1115 878 1166 predictorum
903 1117 1095 1157 eandem
1116 1117 1484 1158 dominacionem
1511 1118 1732 1169 offendat,
1758 1120 1907 1169 magis

137 1186 194 1227 ad
247 1186 624 1227 sinceritudinem
638 1181 664 1238 ¹)
714 1198 814 1227 mee
868 1187 1181 1229 benivolencie
1235 1200 1346 1239 erga
1400 1191 1608 1229 vestram
1659 1201 1904 1239 personam

134 1256 471 1297 nobilissimam
495 1268 632 1308 quam
668 1257 725 1297 ad
759 1258 861 1308 ipsa
884 1258 1027 1299 verba
1060 1259 1293 1310 respiciat.
1342 1259 1474 1299 Michi
1499 1260 1708 1311 equidem
1734 1260 1907 1311 aliqua-

135 1328 240 1368 liter
272 1328 549 1379 indisposito
594 1328 638 1368 in
684 1339 883 1379 persona
932 1332 979 1369 et
1027 1330 1070 1369 in
1120 1330 1278 1370 multis
1328 1328 1490 1382 aliis¹¹¹)
1537 1334 1766 1382 occupato
1814 1343 1906 1371 non

135 1400 439 1439 occurrerunt
470 1398 743 1439 honestiora
767 1399 837 1439 vel
872 1399 1116 1441 humiliora
1151 1400 1293 1442 verba
1316 1413 1400 1442 nec
1424 1402 1570 1442 eciam
1602 1402 1905 1442 enodaciores

135 1470 372 1510 sentencie
392 1469 448 1510 ad
472 1469 866 1521 exprimendum¹¹)
890 1471 1118 1511 intentum
1142 1483 1294 1512 meum
1315 1472 1624 1513 dominacioni
1651 1472 1905 1523 predicteffl)

135 1540 205 1580 cui
240 1540 453 1581 Christus
486 1540 596 1580 dare
643 1540 858 1591 dignetur
897 1541 1110 1591 spiritum
1155 1542 1491 1593 tranquilitatis
1537 1546 1582 1583 et
1629 1543 1800 1593 pacisp)
1847 1543 1902 1583 ad

134 1610 330 1652 feliciter
362 1611 695 1662 exequendum⁷
730 1623 816 1662 que
850 1612 1062 1662 superius
1095 1613 1407 1653 continentur.

251 1748 283 1782 a)
303 1748 376 1774 Fim-
400 1750 468 1774 tuo.
513 1748 544 1780 b)
566 1747 661 1772 Κοιϊ.
683 1755 744 1773 aus
766 1747 850 1773 veui.
889 1748 918 1780 c)
939 1747 1012 1774 Fu»
1033 1751 1099 1774 tue.
1139 1748 1171 1781 11)
1192 1748 1285 1783 Folgst
1304 1742 1480 1783 „qestriehpiz
1505 1750 1575 1776 tibi.
1614 1751 1644 1780 e)
1668 1750 1791 1776 Vestra
1814 1758 1905 1776 reve-

134 1794 245 1820 rencia
269 1794 464 1829 ifflerycsclir.
505 1795 528 1828 f)
550 1795 646 1822 Koma
668 1802 728 1822 uus
750 1794 958 1827 impetrabis
997 1796 1024 1821 Β
1050 1795 1288 1829 impetrabitis.
1327 1799 1360 1829 g)
1381 1797 1453 1824 Ffir
1474 1797 1740 1830 presencialiter.
1780 1798 1811 1827 11)
1834 1798 1906 1825 Fc'ia·

133 1845 236 1867 tuum.
287 1841 309 1874 ἰ)
329 1842 400 1868 Fur
422 1845 463 1868 te.
515 1841 547 1875 k)
569 1842 596 1868 R
627 1842 652 1868 L
675 1842 800 1867 (¹11risti
823 1842 946 1875 gracia.
997 1842 1019 1875 l)
1042 1843 1068 1869 13
1099 1843 1124 1869 L
1147 1843 1389 1870 sinceritatem.
1442 1849 1485 1876 111)
1507 1845 1533 1871 Ι]
1567 1845 1590 1871 L
1614 1845 1729 1871 multis
1756 1846 1786 1871 in
1818 1845 1905 1872 aliis.

132 1888 165 1919 11)
186 1887 279 1921 Folgyl
297 1888 472 1922 yestrichen
496 1888 745 1922 ‹Hominacionil
773 1888 932 1921 predicte.
982 1892 1014 1923 o)
1036 1891 1125 1924 Folo!
1153 1891 1327 1924 ,qestrirdzen
1352 1900 1449 1925 quam
1475 1892 1572 1918 Deus.
1621 1900 1651 1925 p»
1677 1893 1736 1918 t'ui
1757 1908 1789 1911 —
1813 1893 1904 1926 pacis

131 1943 184 1960 um
205 1935 320 1961 Raude
339 1936 398 1969 fiir
419 1935 575 1968 spiritum
597 1936 687 1962 dare.

198 3132 353 3169 Finke,
375 3138 460 3164 Acta
483 3138 614 3164 concilii
637 3139 924 3167 (ton-taneiensis.
964 3141 1015 3168 111.
1626 3125 1681 3166 20
