2178 3404
318 208 360 242 A.
388 205 577 242 Benedikt
607 209 704 241 XIII.
733 209 809 241 und
838 208 944 241 seille
972 207 1244 248 Bezieliungen
1273 216 1317 238 zu
1347 204 1579 238 Schottland
1608 207 1680 237 etc.
1799 187 1885 236 419

112 327 249 370 quam
275 320 430 359 autem
457 317 523 357 sic
543 316 848 357 deliberatum
873 315 958 356 fuit
983 326 1065 365 per
1083 314 1286 365 eosdem,
1307 314 1365 355 ad
1388 325 1543 364 regem
1565 313 1881 354 Romanorum

112 389 369 440 predictum
395 387 713 428 ambasciatas
737 385 969 427 notabiles
1003 386 1373 436 destinaverunt,
1409 396 1495 435 que
1526 384 1674 425 adhuc
1697 395 1788 425 non
1813 396 1882 424 re-

110 461 339 500 venerunt
392 459 700 508 expectantes
748 456 931 497 finalem
982 456 1333 506 responsionem
1386 455 1546 506 ipsius.
1595 454 1642 495 F.
1695 454 1881 496 Rovira.

227 542 343 583 Item
391 542 591 591 exponet
635 540 688 590 ei,
731 539 929 589 qualiter
968 538 1087 578 idem
1137 538 1351 578 dominus
1389 541 1563 578 noster
1608 538 1881 579 deliberavit

108 613 173 653 ire
208 612 266 653 ad
297 623 491 662 regnum
524 611 672 651 insule
707 610 871 660 Sicilie,
912 609 1033 660 quod
1080 620 1161 659 pro
1204 608 1455 649 tractanda
1504 608 1670 648 unione
1717 610 1881 649 sancte

107 683 275 724 matris
308 682 504 723 ecclesie
537 684 608 722 est
644 681 765 722 inter
797 692 941 731 regna
976 681 1133 720 cetera
1176 679 1327 729 magis
1374 682 1547 729 aptum,
1583 691 1685 719 cum
1732 679 1880 719 inten-

108 754 238 796 cione
273 757 444 803 tamen,
479 753 614 804 quod.
650 753 688 793 si
724 754 831 793 ante
865 763 1104 792 recessum
1140 762 1274 791 suum
1310 749 1381 790 vel
1416 752 1521 800 post
1547 750 1754 800 negociis
1780 762 1879 800 pre-

107 825 229 866 dicte
262 825 444 866 unionis
479 827 524 864 et
559 824 754 865 ecclesie
789 823 878 864 alia
916 822 1067 873 magis
1114 820 1332 862 effectiva
1379 820 1631 870 disposicio
1679 820 1783 861 alibi
1830 832 1880 860 se

106 896 337 947 exhibeat,
383 908 474 937 non
517 895 749 947 parcendo
794 894 936 944 senio,
982 892 1219 934 laboribus
1252 903 1337 931 nec
1380 891 1597 941 expensis
1632 894 1705 931 est
1746 900 1880 942 para-

105 970 183 1008 tus
216 967 319 1018 illic,
353 967 427 1007 ubi
462 966 587 1007 dicta
620 965 759 1007 fuerit
790 964 1054 1016 disposicio,
1090 964 1189 1004 sine
1222 974 1351 1002 more
1386 961 1624 1012 dispendio
1658 972 1879 1012 persona-

104 1038 210 1078 liter
258 1049 308 1078 se
359 1037 633 1078 transferre.
699 1036 745 1076 F.
780 1036 966 1077 Rovira.

223 1108 443 1149 Preterea
484 1120 567 1159 pro
608 1110 741 1158 parte
781 1107 987 1148 eiusdem
1035 1105 1206 1146 domini
1252 1104 1403 1145 nostri
1449 1104 1620 1154 poterit
1667 1103 1878 1155 prefatus

104 1179 350 1230 episcopus
372 1179 564 1220 reddere
586 1179 900 1219 certissimum
921 1177 1094 1218 dictum
1121 1177 1298 1226 ducem,
1323 1175 1445 1226 quod
1469 1187 1551 1226 pro
1576 1187 1688 1216 vera
1711 1176 1879 1217 unione

105 1252 269 1291 sancte
302 1250 470 1291 matris
505 1250 699 1291 ecclesie
734 1249 1061 1300 consequenda
1095 1248 1215 1288 idem
1251 1246 1465 1287 dominus
1489 1249 1652 1287 noster
1683 1250 1878 1298 paratus

104 1324 175 1361 est
212 1333 292 1372 per
325 1333 488 1362 omnes
522 1321 623 1361 vias
648 1321 799 1361 iustas
824 1323 871 1361 et
894 1319 1202 1361 racionabiles
1227 1317 1441 1358 laborare
1465 1320 1511 1357 et
1537 1317 1682 1358 eciam
1710 1321 1877 1368 sponte

103 1392 279 1443 cedere,
325 1392 579 1434 secundum
614 1391 735 1442 quod
768 1392 860 1432 iam
896 1391 1077 1442 obtulit,
1123 1394 1171 1431 et
1204 1403 1285 1441 pro
1321 1405 1390 1445 eo,
1432 1391 1485 1429 ut
1518 1390 1592 1429 est
1625 1389 1876 1442 notorium,

101 1474 193 1504 non
226 1463 454 1504 remansit
496 1465 540 1503 et
576 1465 776 1503 mortem
823 1463 978 1504 subire
1022 1462 1360 1515 nichilominus,
1416 1464 1453 1505 si
1500 1464 1730 1515 expediat,
1778 1474 1876 1503 cor-

104 1534 323 1584 poralem.
388 1533 436 1574 F.
471 1533 656 1574 Rovira.

221 1616 336 1657 Item
371 1617 478 1668 quia
510 1617 769 1658 monachus
810 1616 994 1667 quidam
1038 1617 1242 1666 portavit
1287 1618 1433 1658 eidem
1481 1618 1667 1658 domino
1710 1620 1875 1658 nostro

103 1688 258 1727 certas
293 1687 618 1728 conclusiones
660 1687 894 1728 hereticas
913 1684 943 1735 1)
990 1687 1088 1727 sine
1134 1687 1450 1728 fundamentis
1496 1688 1874 1739 quibuscumque,

101 1757 201 1797 vult
233 1757 332 1808 ipse
366 1757 580 1798 dominus
615 1761 779 1798 noster
812 1758 932 1809 quod
966 1758 1118 1798 dictus
1154 1758 1400 1809 episcopus
1434 1759 1592 1800 mittat
1617 1760 1745 1810 ipsas
1770 1772 1871 1800 cum

103 1828 200 1868 suis
233 1827 551 1869 fundamentis
586 1829 824 1879 totalibus,
860 1829 898 1869 si
922 1832 1077 1879 potest
1103 1829 1231 1879 ipsas
1256 1829 1605 1880 quomodolibet
1628 1831 1874 1881 repperire.

101 1897 147 1938 F.
182 1898 368 1940 Rovira.

219 1981 333 2022 Item
367 1982 467 2022 vult
500 1981 711 2033 prefatus
746 1982 960 2022 dominus
993 1985 1169 2023 noster.
1216 1982 1336 2032 quod
1369 1982 1582 2033 prefatus
1627 1984 1874 2034 episcopus

101 2051 156 2092 de
189 2063 390 2103 persona
424 2052 611 2093 abbatis
646 2053 700 2093 de
725 2052 1010 2103 (1¹0ursaguel
1046 2053 1177 2103 plene
1211 2055 1257 2093 et
1292 2054 1623 2103 secretissime,
1649 2056 1872 2104 quantum

99 2121 195 2163 fieri
230 2123 417 2175 poterit,
458 2135 508 2163 se
541 2123 775 2171 informet,
822 2124 957 2175 quod,
1006 2124 1042 2163 si
1088 2124 1240 2174 ipsum
1287 2123 1535 2165 honestum
1583 2127 1629 2165 et
1674 2124 1871 2164 habilem

98 2195 344 2245 repperiat,
379 2196 561 2236 ortetur
594 2206 676 2245 pro
716 2198 849 2245 parte
894 2195 1040 2245 ipsius
1083 2194 1255 2235 domini
1300 2195 1452 2235 nostri
1487 2195 1527 2235 d.
1563 2195 1727 2236 ducem
1773 2207 1873 2246 pre-

97 2264 286 2316 dictum,
320 2265 441 2316 quod
475 2266 713 2316 pacienter
747 2266 979 2306 sustineat
1016 2265 1329 2316 provisionem
1364 2265 1542 2307 factam
1583 2266 1871 2307 monasterio

98 2334 152 2374 de
187 2334 374 2376 Pasleto
409 2336 463 2376 de
498 2346 699 2387 persona
732 2337 840 2377 dicti
875 2337 1074 2387 abbatis,
1110 2336 1356 2386 presertim
1397 2349 1499 2378 cum
1548 2337 1617 2377 sui
1665 2339 1872 2377 contem-

98 2404 306 2455 placione
339 2406 593 2456 providerit
623 2408 910 2448 monasterio
946 2408 1000 2448 de
1025 2406 1307 2456 (bui-soguel
1342 2407 1397 2447 de
1420 2417 1622 2458 persona
1643 2406 1871 2447 Johannis

97 2475 152 2515 de
200 2476 406 2527 Lischne,
451 2488 533 2527 pro
581 2490 669 2528 quo
716 2479 814 2529 ipse
860 2478 950 2519 dux
997 2478 1219 2517 continuo
1266 2477 1557 2528 supplicavit.
1623 2478 1666 2518 Si
1714 2480 1869 2518 autem

96 2545 251 2585 dictus
285 2545 431 2586 abbas
465 2548 777 2598 repperiretur
810 2548 997 2589 infamis
1032 2548 1102 2588 vel
1135 2548 1250 2588 alias
1275 2548 1427 2588 minus
1452 2548 1674 2599 ydoneus,
1705 2548 1871 2588 mictat

97 2615 217 2655 idem
251 2616 499 2667 episcopus
524 2621 705 2659 secrete
735 2618 1117 2659 informacionem
1143 2619 1329 2659 domino
1352 2621 1517 2659 nostro
1548 2620 1719 2671 taliter,
1749 2618 1870 2670 quod

97 2685 312 2727 dominus
345 2690 508 2728 noster
541 2689 695 2730 valeat
731 2689 945 2730 ordinare
980 2701 1120 2740 super
1153 2690 1409 2741 premissis,
1445 2690 1566 2741 quod
1613 2690 1699 2731 sibi
1744 2689 1869 2730 vide-

95 2755 220 2797 bitur
253 2757 482 2808 expedire.
547 2759 593 2798 F.
627 2759 814 2800 Rovira.

214 2839 329 2880 Item
347 2841 469 2891 quod
485 2841 699 2883 dominus
715 2844 880 2883 noster
897 2843 1125 2884 conclusit
1142 2843 1386 2894 providere
1402 2844 1597 2884 ecclesie
1614 2842 1867 2885 Orcadensi

96 2908 151 2949 de
183 2920 384 2960 persona
413 2911 469 2952 M.
495 2911 720 2953 Guillelmi
746 2912 967 2964 Stephani
982 2910 1013 2963 2)
1036 2913 1167 2954 finita
1191 2914 1467 2955 commenda
1497 2914 1623 2955 facta
1647 2914 1867 2964 episcopo

215 3047 238 3090 ¹)
272 3049 507 3084 Unbekamet.

211 3106 238 3150 ²2)
267 3108 453 3143 E'rmmnt
479 3119 542 3143 nm
572 3109 627 3143 13.
656 3109 860 3143 November
886 3110 989 3143 1415.

1566 3159 1592 3198 [κο

1598 3158 1648 3199 ῖέ
