2178 3404
512 155 548 190 Γ.
599 155 668 188 Die
695 154 1025 197 Vorhandlungen
1055 164 1128 187 von
1157 153 1390 196 Perpigiian.
1745 144 1832 185 465

63 266 274 307 deductis
298 265 512 306 dominus
535 268 698 306 noster
721 265 872 315 peciit.
907 264 1027 314 quod
1052 264 1213 314 primo.
1249 266 1498 313 antequam
1527 263 1585 303 ad
1609 263 1831 303 ulteriora

62 337 380 388 procederent,
414 339 690 376 revocarent
716 335 876 374 multa.
912 346 997 384 que
1022 333 1149 374 facta
1184 334 1369 374 fuerunt
1396 333 1514 374 Pisis
1550 335 1715 373 contra
1739 333 1830 373 dic-

62 411 160 447 tum
196 407 430 447 dominum
464 411 680 446 nostrum
715 409 759 446 et
796 416 907 445 suos
943 405 1217 444 cardinales.
1253 416 1305 444 ac
1343 407 1589 445 cassarent
1623 407 1668 444 et
1705 403 1830 444 anul-

63 478 225 528 larent⁷
268 489 444 528 queque
488 477 542 516 de
582 476 708 517 facto
744 478 937 516 cassata
980 478 1086 515 sunt
1123 478 1167 515 et
1213 475 1417 515 anullata
1453 478 1512 526 ett
1557 475 1708 525 credQ
1751 486 1832 525 per

63 549 178 589 alios
213 548 485 589 sollenniter
508 547 822 588 cassabuntur
845 549 890 586 et
928 545 1269 586 anullabuntur.
1306 550 1440 596 prout
1466 546 1509 586 in
1536 545 1697 586 cedula
1721 555 1831 596 qua-

62 619 183 670 dam,
219 619 348 659 cuius
383 619 564 669 copiam
599 618 734 658 mitto
769 617 903 657 vobis
937 616 1234 667 presentibus
1269 617 1585 658 interclusam.
1627 617 1832 657 contine-

62 686 189 740 ἰω-,1)
235 690 438 740 Postque
461 690 717 740 imperator
745 689 879 739 peciit
906 691 949 728 et
980 688 1257 738 supplicavit
1284 688 1468 728 domino
1499 691 1677 732 nostro.
1712 688 1832 738 quod

65 761 121 801 ad
164 761 310 812 petita
352 764 397 801 et
438 760 698 811 supplicata
742 771 823 810 per
855 771 959 800 eum
994 762 1038 799 et
1085 759 1200 799 alios
1247 770 1348 798 cum
1384 758 1480 799 Deo
1516 759 1831 809 responderet.

63 832 266 873 Tandem
302 832 517 872 dominus
550 835 714 872 noster
753 831 912 871 habita
947 833 1133 870 matura
1169 830 1506 870 deliberacione
1548 830 1592 870 in
1627 831 1832 881 agendis⁴¹

63 906 199 954 prout
235 903 448 953 gravitas
490 902 679 953 requirit
724 902 918 952 negocii,
961 901 1138 941 habens
1180 913 1260 951 pre
1304 900 1448 941 oculis
1493 901 1641 941 solum
1686 902 1832 942 Deum

65 974 316 1025 volensque
350 972 550 1014 fidelium
587 972 829 1013 animabus
865 973 1066 1013 salutem
1109 984 1360 1023 procurare
1398 1004 1404 1011 .
1442 1004 1448 1012 .
1487 973 1530 1022 sq)
1563 971 1834 1018 iniciarettP)

62 1048 107 1085 et
142 1046 186 1085 in
221 1045 409 1095 scriptis
443 1044 619 1095 redegit
655 1044 754 1084 sive
796 1044 949 1094 posuit
995 1046 1039 1083 et
1084 1043 1267 1084 notavit
1301 1047 1345 1083 et
1390 1047 1637 1093 antequam
1682 1043 1831 1094 ipsam

65 1116 416 1167 responsionem
452 1117 497 1156 et
530 1116 829 1165 negociorum
857 1115 1201 1155 conclusionem
1240 1147 1246 1154 .
1283 1146 1290 1153 .
1327 1108 1372 1161 Ρ)
1398 1117 1512 1154 aret.
1546 1114 1680 1154 hodie
1714 1126 1833 1154 mar-

65 1187 140 1237 tis⁷
175 1199 260 1237 que
295 1188 367 1227 est
401 1186 497 1226 XV.
532 1186 666 1226 huius
700 1186 875 1226 mensis
911 1184 1142 1226 Octobris.
1183 1185 1237 1225 de
1272 1197 1407 1225 mane
1443 1185 1720 1226 convocavit
1757 1185 1833 1225 do-

64 1258 214 1298 minos
256 1257 611 1308 primogenitum
659 1269 761 1297 cum
805 1256 1032 1307 aliquibus
1067 1256 1121 1297 de
1165 1256 1357 1297 consilio
1393 1256 1432 1296 d.
1472 1256 1594 1305 regis
1639 1268 1691 1295 ac
1736 1267 1834 1296 car-

64 1329 240 1369 dinales
275 1340 436 1369 omnes
471 1330 515 1369 et
542 1329 758 1368 comitem
796 1327 1061 1368 Armaniaci
1097 1331 1141 1367 et
1166 1327 1225 1367 ibi
1260 1328 1302 1367 in
1329 1327 1521 1368 consilio
1557 1338 1640 1367 suo
1676 1338 1834 1367 coram

65 1400 132 1440 eis
157 1399 366 1440 cedulam
392 1411 474 1440 sue
498 1400 817 1450 responsionis
844 1399 995 1449 legere
1019 1400 1075 1445 (5³)
1100 1403 1143 1439 et
1170 1398 1391 1450 publicari
1416 1398 1523 1439 fecit
1549 1397 1643 1438 leta
1668 1397 1834 1438 fronte.

65 1470 396 1511 Nichilominus
431 1483 533 1511 cum
559 1471 683 1511 dicto
717 1471 1025 1521 primogenito
1050 1475 1093 1510 et
1128 1470 1229 1510 aliis
1264 1470 1318 1510 de
1343 1470 1535 1510 consilio
1561 1469 1683 1519 regis
1709 1469 1836 1508 misit

64 1542 151 1593 ipsi
185 1542 225 1582 d.
259 1542 355 1593 regi
389 1544 599 1583 tenorem
634 1543 691 1590 (⁶1³)
723 1542 844 1582 dicte
879 1541 1051 1581 cedule.
1095 1541 1149 1581 de
1183 1553 1271 1591 qua
1314 1541 1431 1581 idem
1469 1540 1509 1581 d.
1544 1552 1623 1581 rex
1659 1543 1703 1580 et
1740 1552 1836 1580 om—

64 1624 148 1653 nes
182 1613 237 1653 de
261 1613 453 1654 consilio
488 1624 572 1653 suo
606 1612 790 1653 fuerunt
823 1616 867 1652 et
905 1615 1011 1652 sunt
1051 1612 1182 1652 valde
1216 1612 1355 1652 ilares
1389 1614 1433 1651 et
1461 1611 1683 1662 contenti7
1720 1611 1834 1651 adeo

66 1684 187 1735 quod
220 1684 519 1725 miraremini.
594 1685 784 1734 Ipseque
827 1695 907 1723 rex
952 1683 1245 1733 regraciatus
1288 1685 1361 1723 est
1405 1682 1600 1723 multum
1645 1682 1685 1721 d.
1720 1693 1836 1732 pape

66 1755 120 1795 de
154 1754 363 1806 perfecta
388 1757 435 1795 et
466 1756 648 1806 integra
675 1754 921 1794 affectione
956 1757 1000 1794 et
1036 1754 1294 1804 voluntate,
1329 1765 1467 1804 quam
1492 1753 1653 1794 habuit
1686 1755 1733 1792 et
1756 1752 1835 1793 ha-

64 1825 183 1876 bet⁰)
218 1858 226 1866 .
263 1857 270 1866 .
308 1858 315 1866 .
350 1825 408 1866 ad
442 1828 655 1876 optatam
694 1824 889 1865 ecclesie
930 1825 1161 1864 unionem.
1227 1825 1339 1865 Post
1373 1824 1615 1875 prandium
1661 1826 1835 1873 autem,

65 1896 279 1937 videlicet
311 1896 426 1937 hora
459 1896 619 1947 quinta
653 1898 760 1946 post
804 1895 1057 1945 meridiem„
1104 1895 1455 1946 responsionem
1493 1895 1591 1934 sive
1626 1894 1833 1934 cedulam

63 1967 185 2007 dicte
222 1964 280 2018 (52)
318 1967 638 2017 responsionis
683 1965 946 2006 huiusmodi
995 1967 1280 2007 autenticam
1327 1968 1372 2006 et
1415 1977 1496 2016 per
1529 1965 1835 2006 secretarium

63 2038 296 2088 signatam
330 2038 538 2088 predicto
573 2037 763 2078 tradidit
789 2040 835 2077 et
861 2036 985 2076 dedit
1019 2037 1304 2088 imperatori.
1340 2037 1469 2078 cuius
1494 2037 1675 2088 copiam
1701 2036 1836 2077 mitto

65 2109 197 2149 vobis
220 2108 515 2160 presentibus
546 2108 847 2149 interclusam
885 2109 941 2149 ad
964 2108 1111 2149 vestri
1143 2108 1533 2149 consolacionem.
1567 2110 1615 2148 ut
1651 2110 1699 2147 et
1732 2107 1836 2148 sitis

63 2179 118 2219 de
161 2179 388 2230 omnibus¹¹
435 2191 522 2231 que
566 2179 812 2230 superinde
856 2178 986 2229 fiunt,
1030 2178 1315 2219 informatus
1358 2188 1411 2219 ac
1456 2178 1640 2219 avisare
1683 2180 1727 2218 et
1772 2177 1836 2217 in-

62 2249 266 2291 formare
308 2251 503 2301 possitis
546 2250 601 2290 de
643 2250 792 2300 gestis
835 2250 1097 2290 huiusmodi
1142 2250 1181 2289 d.
1225 2250 1432 2300 reginam
1469 2248 1669 2289 Castelle
1712 2250 1758 2288 et
1796 2248 1836 2287 d.

63 2321 462 2372 archiepiscopum
506 2320 796 2368 Toletanunn
841 2320 1005 2371 quibus
1041 2352 1047 2360 .
1085 2352 1091 2359 .
1128 2352 1135 2359 .
1172 2320 1332 2360 scribit
1371 2352 1378 2359 .
1415 2351 1422 2359 .
1459 2314 1503 2370 .‘¹)
1527 2320 1621 2359 ista
1664 2321 1835 2365 autem,

63 2403 149 2442 que
190 2392 357 2433 merito
401 2392 539 2442 digna
582 2394 688 2431 sunt
733 2392 882 2432 relatu
916 2394 962 2431 et
1005 2391 1049 2430 in
1093 2391 1192 2430 eius
1237 2394 1388 2431 totum
1432 2390 1599 2440 pendet
1643 2388 1837 2438 factum,

63 2462 225 2503 scribit
258 2462 470 2503 dominus
504 2464 680 2502 noster.
716 2461 868 2502 scribo
896 2465 941 2501 et
967 2472 1052 2511 ego
1072 2461 1206 2501 vobis
1241 2472 1321 2511 per
1343 2460 1550 2501 velocem
1581 2471 1835 2500 cursorem.

64 2531 178 2572 Dum
227 2532 449 2573 ulteriora
495 2535 755 2581 occurrent‚
806 2532 1007 2572 scribam
1060 2543 1244 2582 semper
1288 2531 1485 2571 Domino
1539 2530 1835 2571 concedente.

184 2613 397 2655 Ceterum
434 2614 526 2654 vidi
561 2615 745 2655 litteras
780 2617 881 2664 ete„
917 2626 997 2664 per
1031 2626 1146 2665 quas
1182 2613 1400 2654 scribitur
1428 2613 1482 2653 de
1516 2613 1835 2663 reparacione,

66 2696 203 2736 quam
240 2685 357 2735 petit
382 2685 534 2725 dictus
570 2685 609 2724 d.
645 2685 1024 2735 archiepiscopus
1049 2683 1304 2724 Toletanus
1337 2684 1381 2724 in
1417 2684 1588 2724 castris
1613 2686 1659 2723 et
1693 2682 1836 2723 domi-

65 2755 151 2796 bus
196 2755 628 2806 archiepiscopatus
665 2788 672 2795 .
709 2787 715 2794 .
753 2751 797 2801 .²)
844 2755 957 2795 Item
1000 2766 1145 2805 nuper
1178 2754 1377 2795 misistis
1420 2754 1553 2794 nobis
1598 2753 1833 2804 pecunias.

183 2905 214 2938 a)
238 2904 340 2938 Loch‚·
360 2904 468 2931 Raum
498 2905 557 2938 fiir
576 2905 594 2931 3
620 2904 734 2930 Worte.
782 2902 814 2935 h)
836 2903 938 2930 Loclz:
959 2903 1066 2929 Rcmm
1088 2903 1147 2936 fiir
1166 2905 1182 2929 4
1212 2903 1325 2930 ll'orlc.
1375 2903 1404 2935 c)
1425 2902 1518 2936 Folgst
1540 2902 1618 2929 ›zoa-le
1644 2901 1835 2935 habereque

65 2950 209 2983 opere(‘?)
232 2951 289 2978 mit
309 2951 404 2978 Loch,
444 2951 477 2985 d)
499 2950 654 2984 Gro'ssercs
675 2950 771 2977 Loch.

187 3011 211 3053 ¹)
243 3012 322 3053 Vql.
344 3011 487 3046 Cednla
501 3024 510 3045 .·
527 3011 606 3044 Nos
624 3011 725 3043 tales
748 3011 849 3043 und:
867 3010 967 3042 Ante
987 3009 1128 3043 omnia.
1164 3010 1261 3044 Eine
1279 3010 1511 3053 Auflcchvmgs
1528 3010 1632 3052 fam?
1651 3009 1739 3042 aber
1758 3019 1837 3041 vm·

67 3069 416 3113 hedinfflmysweise
430 3073 534 3105 stati.
549 3089 592 3093 ———
608 3070 635 3107 ²)
663 3070 801 3112 famen
822 3068 1248 3112 (icldrmgyeleflcnhcitcn
1266 3070 1330 3102 das-
1344 3069 1584 3111 Erzbischofs
1600 3079 1671 3118 2*on
1692 3067 1833 3100 Toleaelo.

139 3150 282 3185 Finke,
302 3152 388 3178 Acta
410 3150 542 3178 concilii
565 3150 841 3177 Constanciensis
863 3150 915 3176 111.
1567 3128 1623 3168 30
