2178 3404
324 123 410 166 260
696 134 720 167 l.
749 134 968 167 Abschnitt.
1018 133 1175 166 Johann
1203 133 1340 167 XXIII.
1369 134 1448 167 und
1475 134 1547 168 das
1574 134 1723 168 Konzil.

444 242 804 282 Ambaxatores.
870 241 1068 282 Vestras
1104 243 1362 293 recepimus
1405 243 1589 284 litteras
1625 244 1867 285 confectas
1915 244 2098 285 Geneve

325 313 396 353 die
430 312 480 352 X.
515 315 559 352 et
596 313 730 352 aliam
759 312 950 352 Romelli
988 312 1097 352 Xlll.
1134 314 1308 353 mensis
1337 315 1582 364 presentis.
1639 315 1827 365 Quibus,
1852 316 2098 356 laudantes

325 384 529 424 motivos
554 386 744 423 vestros
780 395 919 434 super
951 384 1128 424 nostris
1155 385 1311 425 littera
1334 388 1377 425 et
1404 387 1660 427 memoriali
1685 398 1765 436 per
1790 398 1873 427 vos
1899 387 2098 437 receptis

325 457 368 494 et
404 455 632 495 habentes
665 457 817 504 gra-ta.
853 466 939 505 que
976 454 1169 497 fecistis.
1205 456 1363 496 taliter
1408 457 1769 507 respondemus:
1805 457 2098 508 mandantes,

325 525 445 575 quod
481 537 578 575 vos,
613 526 859 576 episcopus
886 525 1183 575 Camorensis
1219 529 1263 566 et
1302 527 1467 568 Petrus
1502 528 1556 568 de
1585 527 1747 569 Falchs
1782 531 1825 568 et
1858 527 2097 568 vobiscum

325 596 528 646 scriptor
552 595 820 636 ambaxiate
844 597 1145 637 revertamini
1171 598 1227 637 ad
1251 610 1406 648 regem
1433 598 1750 639 Romanorum
1775 600 1818 638 in
1845 599 2098 639 continenti

323 668 371 706 et
394 678 494 714 vos,
520 666 686 706 nobilis
709 667 949 707 ,1011111111οε
976 667 1130 710 Dixar.
1158 669 1355 709 veniatis
1382 669 1437 709 ad
1461 681 1546 709 nos
1571 670 1867 719 negociorum
1895 670 2096 710 omnium

323 737 558 778 relaturus
593 749 857 779 successus
906 739 957 778 Et
984 740 1197 789 quamvis
1225 752 1365 780 causa
1392 740 1657 790 principalis
1683 741 1828 780 vestri
1854 752 2099 791 regressus

327 809 403 859 sit,
438 812 486 849 ut
513 810 708 860 possitis
735 810 888 849 videre
913 813 956 849 et
984 811 1185 860 palpare„
1220 822 1306 861 que
1330 811 1464 851 illuch
1489 813 1722 861 gerentur,
1756 811 2103 852 innovabuntur

323 883 370 920 et
419 883 681 930 occurrent„
731 884 774 921 et
828 881 899 920 illa
951 881 1083 920 nobis
1138 882 1354 921 continue
1404 882 1632 931 intimare,r
1683 885 1894 923 attamen
1940 882 2100 933 vigore

322 951 478 992 littere
513 952 766 994 credencie.
802 965 937 1003 quam
977 965 1077 993 cum
1116 954 1317 1003 presenti
1357 953 1487 993 vobis
1523 954 1768 997 mittimus*
1816 954 1980 994 dicetis
2014 954 2098 1004 ipsi

323 1022 418 1073 regi
453 1021 770 1064 Romanorum
820 1036 988 1064 causas
1037 1024 1144 1064 dicti
1195 1025 1336 1064 vestri
1386 1036 1631 1074 regressus
1679 1025 1776 1065 fore
1823 1027 2099 1075 sequentes:

324 1093 491 1144 Primo„
526 1095 646 1144 quod
681 1095 717 1133 si
754 1094 848 1134 lieri
885 1097 1058 1144 potest.
1095 1096 1135 1134 in
1173 1096 1306 1135 vistis
1343 1096 1401 1135 sit
1443 1107 1634 1146 presens
1671 1096 1942 1146 Gregorius3
1988 1097 2098 1137 item

323 1164 458 1214 quod,
483 1165 557 1204 ubi
582 1166 746 1205 ibidem
773 1178 878 1205 esse
902 1166 1014 1205 nolit
1038 1166 1106 1205 vel
1127 1169 1341 1217 nequeat.
1366 1167 1521 1206 saltim
1544 1167 1601 1207 sit
1623 1166 1681 1206 ibi
1701 1167 1740 1206 (1.
1762 1167 1816 1207 (10
1836 1167 2100 1211 Malatesta.

324 1235 500 1277 habens
526 1249 549 1277 a
576 1235 799 1287 Gregorio
825 1238 1006 1287 plenum
1037 1249 1174 1287 posse
1200 1250 1337 1288 super
1361 1238 1513 1278 (landa.
1537 1238 1704 1279 unione
1728 1250 1808 1288 per
1832 1250 2099 1288 quamcum-

323 1319 409 1358 que
447 1307 567 1348 viam
602 1307 660 1347 ibi
684 1309 726 1347 in
757 1308 890 1348 vistis
916 1309 1306 1349 concordandam.
1377 1309 1485 1349 item
1513 1310 1631 1359 quod
1664 1309 1721 1349 ibi
1749 1322 1851 1349 cum
1878 1308 2099 1360 Gregorio

324 1379 392 1418 vel
428 1378 517 1419 alio
551 1378 718 1419 ibidem
758 1379 970 1420 veniente
1005 1382 1052 1420 et
1087 1392 1188 1420 cum
1224 1381 1322 1420 eius
1360 1383 1599 1430 potestate
1634 1383 1678 1420 et
1715 1392 1796 1431 pro
1825 1392 1879 1421 eo
1911 1381 2097 1421 veniant

322 1449 472 1499 alique
521 1461 719 1500 persone
766 1453 1148 1500 representantes
1198 1451 1513 1492 obedienciam
1564 1452 1709 1502 ipsius
1746 1451 1953 1502 Gregorii
2001 1455 2097 1493 tam

322 1520 643 1561 ecclesiastice
689 1533 824 1571 quam
874 1522 1110 1562 seculares
1158 1522 1402 1563 notabiles.
1489 1523 1598 1562 ltem
1648 1523 1768 1573 quod
1817 1523 2009 1564 veniant
2055 1523 2098 1564 in

320 1591 494 1632 eisdem
531 1592 680 1643 alique
714 1592 800 1633 alie
836 1592 954 1633 bone
988 1596 1036 1634 et
1068 1593 1299 1648 notabiles
1334 1606 1532 1643 persone
1567 1595 1785 1637 scientes
1829 1594 1946 1635 bone
1993 1606 2099 1636 con-

322 1663 520 1704 sciencie
556 1675 607 1703 ac
642 1663 786 1703 Deum
833 1665 1054 1705 timentes
1097 1668 1141 1705 et
1188 1665 1395 1707 zelantes
1431 1666 1678 1706 servicium
1714 1665 1794 1706 Dei
1839 1668 1883 1706 et
1931 1666 2099 1706 bonum

325 1734 507 1775 unionis
542 1734 749 1775 ecclesie.
819 1735 928 1774 ltem
964 1735 1202 1776 instabitis
1248 1736 1368 1786 apud
1402 1747 1556 1787 regem
1602 1735 1934 1788 Romanorum,
1981 1736 2101 1787 quod

325 1806 368 1845 in
395 1805 529 1845 vistis
554 1806 743 1846 veniant
777 1818 879 1845 cum
905 1806 1066 1846 eodem
1093 1818 1200 1856 rege
1224 1806 1541 1847 Romanorum
1566 1808 1621 1847 de
1644 1807 1860 1857 gentibus
1886 1819 2100 1858 quarum-

327 1876 435 1917 libet
468 1878 669 1927 quatuor
702 1877 947 1918 nacionum
985 1878 1189 1928 pretensi
1224 1879 1402 1919 concilii
1439 1879 1719 1920 (¹onstancie
1766 1879 1864 1919 sive
1911 1890 2106 1930 congre-

324 1947 533 1998 gacionis
568 1959 764 1997 persone
799 1948 948 1999 alique
988 1948 1233 1996 notabiles„
1275 1950 1392 1989 bone
1439 1950 1717 1991 litterature.
1764 1951 1859 1990 vite
1905 1953 1949 1990 et
1996 1962 2102 1991 con-

325 2019 524 2059 sciencie
540 2018 798 2067 laudabilis,
814 2019 958 2060 Deum
979 2020 1198 2060 timentes
1215 2024 1259 2061 et
1280 2021 1446 2060 bonum
1469 2021 1675 2071 predicte
1691 2021 1873 2061 unionis
1893 2021 2102 2061 zelantes

396 2122 402 2129 .
453 2090 673 2131 Preterea
701 2090 939 2130 instabitis
970 2103 1071 2131 cum
1104 2103 1211 2141 rege
1235 2090 1568 2141 Romanorum,
1597 2092 1719 2142 quod
1747 2094 1932 2142 tempus
1957 2092 2101 2132 vista-

326 2172 425 2201 rum
456 2163 735 2211 prorogetur
764 2161 913 2201 solum
942 2173 1022 2212 per
1046 2173 1253 2202 mensem
1277 2161 1382 2201 Julii
1409 2165 1453 2202 et
1483 2173 1574 2203 non
1604 2163 1814 2213 amplius.
1869 2162 2101 2203 Referetis

325 2232 468 2272 eciam
506 2231 652 2271 eidem
688 2232 783 2281 regi
819 2231 1151 2274 Romanorum„
1187 2233 1385 2283 qualiter
1418 2245 1502 2273 nos
1537 2233 1708 2273 fuimus
1744 2233 1987 2274 certificati
2022 2245 2103 2284 per

326 2295 591 2351 cedulasm1)„
616 2314 751 2353 quam
779 2303 975 2344 misistis
1001 2303 1054 2343 de
1079 2304 1164 2349 his,
1200 2315 1285 2355 que
1312 2304 1430 2343 idem
1458 2315 1537 2344 rex
1562 2304 1879 2345 Romanorum
1916 2305 2103 2345 comisit

328 2374 458 2414 vobis
482 2374 525 2414 in
551 2376 735 2414 secreto
761 2373 1005 2414 referenda
1028 2374 1176 2422 nobis,
1212 2377 1349 2425 prout
1374 2375 1417 2414 in
1443 2375 1604 2416 cedula
1628 2375 1774 2415 missa
1809 2375 2100 2424 continetur3

325 2447 372 2484 et
391 2444 513 2495 quod
531 2444 787 2495 gaudemus
805 2445 859 2484 de
878 2444 1000 2485 bona
1018 2446 1280 2486 intencione
1297 2447 1343 2485 et
1362 2446 1617 2496 proposito,
1637 2457 1723 2496 que
1742 2446 1863 2496 gerit
1878 2448 1926 2486 et
1945 2448 2100 2487 osten-

326 2515 389 2555 dit
415 2516 469 2556 ad
506 2515 674 2555 bonum
701 2516 883 2555 unionis
908 2516 1116 2565 ecclesie,
1151 2518 1199 2557 et
1222 2517 1459 2557 instabitis
1484 2517 1604 2568 apud
1627 2528 1745 2564 eum,
1781 2517 1902 2568 quod
1926 2517 2099 2557 dictum

327 2586 494 2626 bonum
521 2586 703 2626 unionis
729 2590 1054 2637 prosequatur„
1089 2588 1325 2628 contraria
1354 2599 1624 2639 quecunque
1652 2590 1931 2638 possetenus
1956 2588 2100 2638 repel-

326 2656 459 2696 lendo
479 2659 526 2697 et
545 2657 813 2698 turbatores
832 2658 976 2707 ipsius
1002 2658 1150 2698 modis
1172 2658 1561 2699 condescentibus
1582 2658 1933 2709 compescendo.
1972 2657 2101 2699 Noti-

325 2726 524 2767 ficabitis
549 2728 694 2768 eciam
720 2729 805 2778 ipsi
830 2729 926 2779 regi
946 2728 1277 2781 Romanorum„
1303 2730 1500 2781 qualiter
1523 2742 1609 2770 nos
1634 2729 1908 2780 scripsimus
1927 2731 1971 2769 et
1998 2740 2100 2779 pro-

326 2810 558 2840 curamus.
584 2799 704 2849 quod
728 2811 862 2849 reges
887 2802 932 2839 et
958 2800 1188 2850 principes
1214 2801 1479 2841 obediencie
1503 2801 1542 2840 d.
1563 2812 1604 2841 n.
1632 2812 1747 2851 pape
1770 2800 1961 2840 mit-tant
1988 2811 2099 2839 suos

326 2869 675 2909 ambaxiatores
721 2871 776 2910 ad
810 2871 1182 2912 interessendum
1218 2872 1262 2912 in
1305 2872 1441 2913 dictis
1482 2872 1618 2912 vistis
1653 2874 1701 2911 et«
1743 2870 2098 2921 procurandum.

325 2939 585 2979 faciendum
620 2943 663 2980 et
700 2941 976 2982 firmamlum
1011 2943 1196 2983 nomine
1229 2943 1436 2993 ipsorum
1472 2954 1631 2993 regum
1658 2944 1705 2982 et
1739 2942 1992 2992 principum
2029 2952 2097 2984 ea.

447 3054 470 3095 ¹)
509 3054 582 3096 [⁷511.
612 3055 726 3098 Bricf
748 3067 831 3090 vom
864 3058 915 3091 10.
943 3057 1068 3100 April.
1097 3057 1251 3101 Schlnss.
