2178 3404
195 195 235 228 E.
286 194 477 228 Benedikt
497 194 595 227 XIII.
623 205 658 227 u.
687 194 720 227 d.
748 194 885 227 Konzil
914 204 947 226 ν.
975 193 1009 226 d.
1035 192 1288 226 Subtraktion
1316 192 1375 225 bis
1402 202 1432 224 z,
1452 191 1568 225 Wahl
1595 191 1760 224 Martius
1781 191 1824 224 V.
1882 181 1968 222 569

316 302 458 354 Copia
487 303 642 344 littere
666 303 809 343 misse
834 314 914 353 per
936 303 977 343 d.
1003 302 1261 342 cardinales
1286 302 1325 342 d.
1352 301 1545 342 Alfonso
1576 301 1672 350 regi
1699 300 1966 350 Aragonum

196 373 472 424 responsiva
497 373 554 414 ad
577 373 783 413 litteram
807 372 925 413 infra
952 373 1190 423 scriptam.
1224 384 1310 422 que
1334 372 1511 421 incipit:
1546 370 1844 412 Reverendis.

316 443 625 484 Serenissimo
661 443 851 494 prIncipi
886 446 931 483 et
966 443 1283 483 illustrissimo
1318 443 1358 482 (1.
1389 441 1583 483 Alfonso
1618 441 1889 491 Aragonum
1924 446 1967 481 et

197 514 347 556 Sicilie
382 514 490 565 regi
536 513 730 555 Carolus
777 526 812 554 s.
860 512 1045 564 Georgii
1092 513 1149 553 ad
1198 513 1365 553 vellum
1413 515 1617 563 aureum.
1663 511 1887 553 Alfonsus
1934 525 1969 552 5.

196 585 436 626 Eustachii
458 586 507 625 et
533 584 697 625 Petrus
732 596 768 625 5.
796 583 957 635 Angeli
991 585 1297 624 sacrosancte
1322 583 1530 624 Romane
1559 583 1754 623 ecclesie
1789 583 1971 623 diaconi

196 655 455 697 cardinales
489 666 669 696 necnon
704 655 947 706 collegium
979 653 1222 695 facientes.
1288 653 1530 703 Sumptum
1569 653 1748 703 duplex,
1793 653 1967 694 scilicet

195 726 484 777 quarundam
503 726 766 766 litterarum
791 737 972 766 necnon
992 724 1377 775 congregacionis
1398 722 1678 764 (Tonstaneie
1703 724 1969 774 patencium

194 797 458 837 litterarum
493 808 595 838 cum
631 796 765 847 copia
799 796 1040 837 cuiusdam
1082 794 1382 835 instrumenti
1417 794 1700 834 continentis
1735 797 1968 835 certorum

195 867 504 918 capitulorum
549 866 940 918 approbacionem
981 878 1062 916 per
1102 877 1204 906 eam
1249 864 1427 905 factam
1472 864 1528 904 ad
1568 876 1735 905 manus
1778 868 1970 905 nostras

196 938 466 989 pervenisse
499 938 681 979 noverit
707 938 835 988 regia
860 937 1101 987 celsitudo.
1137 947 1330 986 quarum
1356 935 1575 985 perlectis
1600 935 1842 976 tenoribus
1866 948 1970 987 pro-

195 1009 432 1059 speximus
465 1020 552 1049 nos
586 1020 668 1059 per
701 1010 1014 1058 congregatos
1040 1006 1335 1057 Constancie7
1370 1005 1479 1046 sede
1508 1009 1722 1053 vacante.
1757 1009 1807 1047 ut
1843 1018 1969 1047 asse-

193 1082 315 1131 runt,
358 1079 555 1130 exorari,
598 1079 780 1129 requiri.
825 1078 1002 1119 moneri
1036 1080 1080 1118 et
1126 1078 1273 1118 eciam
1315 1077 1579 1127 convocari.
1623 1079 1675 1117 ut
1717 1076 1837 1117 infra
1871 1078 1970 1117 tres

193 1162 380 1191 menses
424 1162 450 1190 a
492 1150 562 1190 die
605 1150 919 1200 predictarum
959 1147 1332 1199 presentacionis
1372 1147 1635 1187 litterarum
1676 1146 1823 1187 fiende
1865 1147 1971 1188 Per-

193 1221 429 1271 pinianum
474 1221 547 1261 vel
590 1220 928 1261 Barchinonam
973 1220 1147 1259 iremus
1194 1221 1239 1258 et¹
1283 1229 1646 1268 conpareremus
1690 1216 1971 1259 Constancie

194 1304 297 1333 cum
331 1292 398 1332 eis
433 1303 572 1342 super
605 1291 724 1332 infra
759 1291 948 1341 scriptis
982 1290 1249 1337 tractaturi.
1292 1289 1471 1330 scilicet¹
1505 1288 1561 1329 ob
1596 1289 1771 1329 scisma
1805 1289 1970 1329 sedan-

193 1362 315 1414 dum,
349 1363 565 1403 unionem
601 1362 796 1403 ecclesie
826 1361 1183 1412 procurandam7
1218 1360 1605 1400 reformacionem
1641 1360 1837 1401 ecclesie
1873 1362 1968 1400 tam

191 1433 237 1473 in
271 1433 423 1484 capite
446 1444 585 1484 quam
618 1433 663 1473 in
697 1432 919 1473 membris
945 1431 1267 1482 complendam
1301 1433 1349 1471 et
1376 1431 1681 1471 deiectionem
1716 1430 1757 1471 d.
1787 1442 1829 1470 11.
1855 1442 1970 1481 pape

192 1503 502 1545 effectualiter
539 1503 801 1545 faciendam
841 1505 889 1543 et
930 1503 987 1544 ad
1030 1503 1304 1543 electionem
1345 1502 1465 1541 unici
1500 1501 1697 1542 Romani
1738 1501 1970 1552 pontificis

194 1575 536 1625 procedendum
580 1576 625 1615 61,
658 1586 741 1624 pro
787 1574 887 1614 aliis
922 1574 1077 1615 causis
1120 1576 1167 1613 61,
1200 1572 1481 1621 rat-ionibus.
1526 1584 1612 1622 que
1656 1572 1713 1612 ad
1754 1572 1970 1622 generale

195 1645 437 1686 concilium
472 1645 527 1686 de
559 1645 656 1686 iure
691 1645 922 1695 pertinent
959 1647 1005 1685 et
1030 1647 1262 1694 spectant.
1298 1643 1355 1683 ad
1388 1655 1474 1693 que
1506 1643 1661 1683 onmia
1696 1642 1969 1692 complenda

193 1716 425 1756 serenitas
458 1718 620 1756 vestra
653 1728 740 1756 nos
779 1716 977 1766 rogabat
1127 1718 1171 1755 et
1218 1714 1477 1755 ortabatur.
1525 1713 1711 1765 Verum,
1754 1714 1969 1764 princeps

192 1786 498 1836 inclitissime7
541 1787 645 1836 quia
681 1786 735 1827 de
770 1786 907 1826 rebus
943 1788 1040 1826 tam
1076 1786 1233 1826 arduis
1268 1787 1457 1835 tamque
1491 1784 1765 1835 periculosis
1799 1784 1967 1824 nedum

193 1856 479 1908 corporibus„
515 1860 589 1898 set
611 1858 759 1898 eciam
790 1856 1034 1898 animabus
1058 1857 1129 1897 hic
1158 1857 1327 1907 agitur,
1362 1856 1513 1906 aliqua
1538 1856 1593 1896 de
1623 1856 1861 1906 preteritis
1896 1857 1967 1896 hic

192 1927 408 1968 (luximus
441 1928 695 1969 recitanda.
761 1928 817 1968 Et
854 1929 1015 1979 primo,
1059 1928 1272 1979 quamvis
1315 1926 1663 1967 racionabiliter
1697 1927 1970 1977 oppinemur

191 2010 284 2039 non
317 1998 464 2039 latere
497 2000 801 2040 serenitatem
837 2002 1063 2050 vestram,
1104 1998 1211 2049 quid
1244 1998 1285 2038 d.
1320 1998 1417 2048 regi
1451 1997 1712 2038 recollende
1746 1998 1969 2038 memorie

192 2069 314 2119 patri
347 2072 509 2111 vestro
542 2082 629 2111 nos
671 2071 739 2111 bis
774 2070 1040 2121 requirenti,
1080 2069 1203 2120 quod
1238 2069 1563 2110 recederemus
1605 2081 1630 2108 a
1665 2068 1968 2109 sanctissimo

192 2139 232 2179 d.
266 2151 309 2180 n.
343 2151 464 2190 papa
508 2141 850 2192 respondimus.
897 2143 1055 2181 tamen
1101 2140 1159 2181 ad
1204 2140 1517 2181 intencionem
1563 2141 1775 2180 nostram
1820 2139 1966 2179 eidem

194 2210 437 2251 serenitati
472 2211 641 2252 clarius
683 2211 1054 2253 hostendendam
1088 2211 1306 2252 effectum
1347 2211 1705 2261 responsionum
1718 2206 1751 2260 a)
1784 2212 1969 2251 nostra-

192 2291 292 2321 rum
311 2281 369 2321 ad
386 2281 593 2322 eiusdem
610 2283 881 2323 serenitatis
898 2282 1171 2323 memoriam
1188 2293 1481 2322 revocamus.
1508 2281 1728 2330 Princeps
1744 2281 1969 2321 excellen-

192 2350 389 2392 tissime.
443 2351 557 2393 Cum
591 2353 714 2393 clare
738 2353 960 2393 memorie
995 2355 1129 2403 pater
1151 2355 1311 2392 vester
1344 2364 1425 2402 per
1448 2352 1821 2392 ambassiatores
1856 2363 1968 2391 suos

191 2421 237 2461 in
271 2420 574 2472 Coquolibero
607 2423 742 2464 nobis
776 2423 1013 2463 intimaret
1054 2435 1104 2463 se
1139 2423 1193 2462 de
1226 2425 1391 2463 nostro
1436 2434 1627 2462 recessu
1661 2434 1687 2462 a
1722 2422 1829 2462 villa
1863 2421 1968 2462 Per-

194 2491 364 2542 piniani
388 2504 488 2532 cum
516 2493 818 2534 sanctissimo
853 2493 892 2533 d.
918 2505 958 2533 n.
986 2506 1105 2543 papa
1128 2493 1262 2533 valde
1296 2492 1442 2533 fuisse
1466 2493 1702 2542 miratum,
1737 2504 1819 2532 sue
1844 2493 1968 2542 regie

193 2562 434 2603 maiestati
482 2563 820 2614 respondimus.
867 2575 952 2604 nos
999 2563 1203 2604 debitum
1253 2566 1467 2604 nostrum
1514 2562 1684 2604 fecisse
1731 2563 1966 2613 sequendo

193 2632 430 2673 dominum
454 2645 615 2674 verum
642 2633 812 2674 Christi
836 2634 1076 2683 vicarium,
1111 2634 1259 2684 capud
1282 2636 1499 2674 nostrum
1523 2636 1568 2674 et
1595 2634 1747 2674 tocius
1772 2634 1967 2674 ecclesie

193 2703 452 2744 militantis.
497 2703 615 2744 Nam
639 2705 677 2745 si
702 2705 989 2745 contrarium
1015 2704 1306 2755 fecissemus7
1341 2704 1463 2755 quod
1487 2704 1623 2755 absit.
1651 2704 1797 2745 Deum
1825 2704 1968 2745 offen-

193 2773 427 2814 dissemus
462 2775 682 2827 praviter7
717 2778 763 2816 et
795 2775 1011 2827 fidelitas,
1053 2776 1108 2816 ad
1142 2788 1281 2826 quam
1316 2776 1481 2816 stricte
1514 2778 1740 2827 tenemur,
1780 2776 1967 2816 minime

194 2856 275 2895 per
306 2856 393 2885 nos
428 2845 682 2886 observata
718 2845 900 2886 fuisset.
947 2847 995 2886 ln
1028 2848 1251 2897 quantum
1286 2858 1398 2887 vero
1427 2846 1485 2887 ad
1518 2846 1774 2896 predictam
1810 2847 1966 2886 villam

195 2915 453 2965 Perpiniani
478 2916 725 2957 ortabatur
748 2919 797 2957 et
829 2916 1092 2967 requirebat
1116 2929 1203 2958 nos
1228 2917 1394 2957 debere
1419 2917 1607 2967 reverti⁷
1640 2917 1969 2966 respondimus

194 2985 495 3027 manifestam
519 2999 625 3027 esse
644 2999 777 3029 sacre
797 2988 1027 3038 scripture
1053 2988 1341 3028 sentenciam
1360 2987 1665 3038 inquientem:
1690 2998 1783 3029 non
1806 2987 1969 3029 decere

312 3099 344 3131 a)
364 3099 412 3126 Hs
432 3106 641 3132 responsum.
