2178 3404
302 168 387 210 572
656 179 715 211 111.
745 179 962 211 Abschnitt.
1014 178 1203 212 Benedikt
1232 179 1330 212 XIII.
1359 180 1436 212 und
1465 180 1535 214 das
1563 181 1711 214 Konzil.

302 287 466 336 quibus
514 287 611 327 luce
658 286 828 326 clarius
875 289 1062 327 constat
1113 299 1205 328 non
1250 299 1390 337 posse
1437 301 1712 341 quenquam,
1759 292 1832 342 qui
1879 293 2071 332 minoris

302 357 602 397 auctoritatis
637 359 724 407 est,
758 369 877 407 eum,
912 358 984 407 qui
1020 358 1210 398 maioris
1245 360 1500 409 potestatis
1529 362 1615 410 θεῖ,
1650 362 1827 402 iudiciis
1863 363 1959 402 suis
1995 364 2072 403 ad—

300 428 464 467 dicere.
538 426 670 467 Absit
714 428 903 477 ⁴gloriari
945 428 989 468 in
1032 427 1372 470 reformacione
1416 431 1486 470 vel
1531 432 1685 472 verius
1729 432 2073 474 deformacione

302 498 522 547 predicta.
595 499 776 538 Scimus
823 499 1049 550 equidem,
1096 500 1230 550 quod,
1277 500 1484 550 quisquis
1531 502 1717 543 cuilibet
1763 504 1957 544 ecclesie
2004 505 2073 544 ius

300 580 433 608 suum
477 568 695 619 detrahit„
739 569 1021 610 iniusticiam
1063 570 1189 621 facit,
1234 571 1308 621 qui
1353 583 1463 611 vero
1499 572 1707 613 Romane
1751 574 1944 614 ecclesie
1986 575 2075 625 pri-

299 638 530 688 villegium
581 639 637 679 ab
681 640 781 689 ipso
828 651 1010 681 summo
1054 641 1257 681 omnium
1303 642 1604 683 ecclesiarum
1654 644 1804 694 capite
1849 645 2071 685 traditum

300 708 483 749 auferre
518 712 728 761 conatur,
764 710 834 751 hic
878 712 1037 761 procul
1071 712 1208 752 dubio
1239 712 1283 752 in
1318 712 1517 753 heresim
1558 714 1742 766 labitur,
1783 717 1830 755 et
1863 727 1966 756 cum
2002 716 2074 755 ille

300 781 495 820 vocetur
518 780 732 831 iniustus,
767 781 838 822 hic
863 784 936 822 est
959 782 1181 823 dicendus
1205 781 1492 835 hereticus.¹)
1545 785 1698 825 Fidem
1727 786 1890 836 quippe
1915 786 2074 836 violat7

299 850 373 899 qui
408 851 636 891 adversus
669 852 793 892 illam
829 853 939 904 agit,
983 864 1069 903 que
1103 855 1177 893 est
1216 856 1368 894 mater
1409 854 1513 895 fidei
1547 858 1594 895 et
1627 856 1688 895 illi
1723 858 1975 897 contumax
2010 857 2074 896 in-

302 921 497 971 venitur,
545 923 619 972 qui
665 934 766 963 eam
815 924 996 964 cunctis
1042 924 1252 964 ecclesiis
1299 926 1548 975 pretulisse
1595 927 1910 977 cognoscitur.
1980 927 2074 968 Nos

299 991 440 1041 igitur
473 1004 564 1032 non
608 994 755 1043 capud
791 994 985 1034 ecclesie
1026 995 1142 1035 velle
1184 995 1455 1047 reformare,
1502 998 1575 1037 set
1609 1009 1710 1037 cum
1748 996 1996 1038 Ambrosio
2031 998 2074 1037 in

300 1063 514 1103 omnibus
539 1064 667 1114 sequi
691 1065 969 1115 magistram
995 1068 1210 1106 sanctam
1236 1066 1495 1107 Romanam
1516 1068 1761 1109 ecclesiam
1788 1068 2074 1121 profitemur,

300 1133 610 1174 miserabilem
636 1147 742 1175 esse
767 1139 1111 1186 cognoscentes
1135 1137 1377 1179 insaniem.
1402 1139 1439 1178 si
1459 1138 1577 1179 lilius
1603 1142 1798 1189 patrem„
1823 1140 2074 1190 discipulus

301 1204 577 1254 magistrum
616 1205 700 1245 sibi
736 1209 931 1247 conetur
965 1208 1228 1258 subiugare,
1268 1212 1316 1249 et
1348 1209 1515 1260 iniquis
1551 1210 1916 1260 obligacionibus
1949 1210 2072 1251 illum

301 1286 383 1314 sue
408 1276 636 1325 potestati
661 1276 886 1320 subicere
922 1290 948 1318 a
981 1290 1070 1328 quo
1096 1279 1240 1319 credit
1266 1291 1356 1320 non
1392 1280 1538 1321 solum
1577 1281 1618 1320 in
1644 1283 1785 1331 terra,
1821 1284 1894 1321 set
1927 1281 2072 1322 eciam

300 1345 342 1384 in
378 1345 487 1385 celis
523 1358 627 1387 sese
661 1347 793 1398 ligari
828 1360 968 1398 posse
1002 1351 1047 1389 et
1090 1349 1220 1389 solvi.
1289 1350 1399 1390 Item
1435 1351 1557 1401 quod
1590 1352 1633 1391 in
1676 1352 1885 1402 predicta
1918 1352 2076 1392 littera

302 1417 658 1458 convocacionis
694 1419 917 1469 sequitur,
957 1431 1042 1459 nos
1079 1421 1235 1461 vocari
1272 1421 1328 1461 ad
1363 1421 1671 1462 deiectionem
1711 1422 1882 1463 domini
1925 1423 2074 1463 nostri

302 1499 418 1537 pape
451 1487 763 1529 effectualiter
786 1489 1062 1541 faciendam,
1097 1503 1199 1532 cum
1226 1494 1401 1542 quanta
1426 1492 1726 1533 vehemencia
1758 1493 1866 1533 iusti
1902 1493 2075 1533 doloris

302 1557 577 1609 amlivimus,
621 1559 719 1609 ipse
762 1561 901 1600 testis
944 1564 1031 1602 est.
1078 1562 1152 1612 qui
1196 1562 1498 1603 deiectionem
1548 1563 1804 1613 predictam
1850 1576 1934 1604 suo
1977 1564 2076 1604 sine

301 1629 545 1678 questione
580 1629 773 1671 arbitrio
800 1633 1076 1673 reservavit.
1124 1632 1220 1683 Hic,
1255 1633 1341 1684 hic,
1376 1634 1590 1685 princeps
1622 1634 1966 1685 benignissime,
2000 1635 2074 1684 qui

299 1699 604 1740 deiectionem
648 1701 788 1741 istam
833 1703 1002 1753 proprii
1047 1703 1274 1744 effusione
1318 1705 1497 1745 cruoris
1541 1705 1773 1745 deberetis
1807 1704 2075 1746 firmissima

301 1770 570 1820 impugnare
611 1772 799 1816 virtute,
836 1804 843 1812 .
880 1805 886 1812 .
924 1805 930 1812 .
966 1774 1185 1814 inclinate
1228 1787 1327 1826 vos7
1371 1788 1470 1827 vos,
1517 1776 1591 1827 qui
1634 1776 1731 1816 veri
1777 1776 2074 1826 apostolatus

299 1841 584 1881 sanctissimi
602 1842 773 1882 domini
789 1845 940 1883 nostri
958 1845 1100 1885 multa
1119 1846 1362 1896 recepistis
1380 1847 1634 1898 signacula,
1650 1849 1826 1897 quanta
1842 1847 2074 1887 deberetis

298 1910 465 1951 fiducia
491 1912 680 1952 verbum
706 1914 831 1954 istud
855 1915 1273 1957 insolentissimnm
1309 1929 1400 1958 non
1426 1918 1575 1957 solum
1603 1918 1658 1958 ab
1694 1930 1773 1958 ore
1799 1920 1973 1965 vestro,
2003 1920 2076 1958 set

298 1982 444 2022 eciam
481 1982 536 2023 ab
571 1996 682 2024 anre
716 1996 851 2034 quam
890 1986 1160 2035 longissime
1195 1986 1550 2039 1·eleg·a11du111²¹),
1585 1989 1623 2029 si
1647 1988 1801 2029 debita
1836 1988 2074 2039 gratitudo

300 2056 582 2095 servaretur.
634 2055 867 2107 Miramur,
903 2057 940 2096 si
967 2058 1124 2097 audito
1151 2058 1530 2099 indecentissime
1556 2071 1772 2100 sermone
1797 2059 1956 2099 statim
1983 2071 2072 2099 non

298 2123 485 2163 dicitnr:
522 2124 687 2165 Audivi
712 2128 757 2166 et
793 2127 1102 2168 conturbatus
1137 2130 1209 2168 est
1235 2131 1398 2169 venter
1421 2142 1553 2170 meus
1588 2142 1614 2170 a
1638 2142 1754 2170 voce
1788 2130 1893 2174 ista,
1929 2130 2073 2170 conti-

299 2197 495 2235 cuerunt
517 2208 607 2235 non
633 2197 780 2237 solum
808 2198 942 2238 labia.
968 2202 1038 2238 set
1065 2199 1211 2239 eciam
1238 2200 1393 2240 omnia
1416 2201 1625 2241 membra
1650 2197 1805 2247 mea.'²)
1847 2201 1957 2251 Quis
1983 2213 2073 2241 non

299 2266 485 2315 stupeat
513 2266 567 2305 de
591 2269 725 2307 tanta
748 2270 1117 2319 presumpcione.
1152 2270 1253 2320 quis
1277 2282 1367 2311 non
1403 2271 1597 2312 miretur
1621 2272 1675 2311 de
1700 2274 1794 2312 tam
1822 2272 2073 2312 manifesta

299 2335 558 2377 divinarum
596 2340 639 2377 et
675 2338 982 2379 humanarum
1019 2341 1171 2389 legum
1207 2341 1539 2391 abrogacione!
1605 2339 1695 2393 Sil)
1727 2343 1879 2382 sancti
1914 2344 2073 2393 patres

298 2407 419 2456 apud
439 2406 743 2448 Falcedonem
769 2409 812 2448 in
832 2411 1016 2450 tantum
1043 2411 1267 2451 detestati
1293 2414 1403 2452 sunt
1421 2412 1633 2453 Dioscori
1654 2413 2073 2463 presumpcionem,

300 2480 347 2517 ut
382 2478 552 2519 idcirco
577 2491 682 2519 eum
706 2480 1001 2528 potissimum
1039 2482 1137 2522 sine
1162 2482 1254 2522 nlla
1282 2483 1586 2524 restitucione
1611 2484 1933 2534 dampnarenn
1968 2484 2076 2534 quia

300 2559 476 2597 ponens
510 2549 553 2588 in
589 2549 686 2590 celo
719 2562 772 2590 os
807 2562 941 2591 suum
977 2551 1131 2601 lingua
1165 2553 1263 2593 eius
1299 2556 1574 2594 transeunte
1609 2566 1749 2604 super
1779 2551 1998 2600 terram3)
2031 2555 2074 2594 in

298 2621 511 2659 sanctum
544 2632 710 2669 papam
750 2620 945 2662 Leonem
980 2624 1517 2665 excommunicacionem
1550 2625 1758 2676 dictavit⁷
1794 2625 1901 2675 quid
1934 2625 2073 2665 dixis-

298 2691 417 2741 sent,
453 2690 557 2740 quid
593 2692 889 2740 statuissent,
923 2694 967 2733 in
993 2696 1215 2743 quantum
1242 2694 1466 2735 detestati
1497 2695 1696 2736 fuissent
1723 2696 2011 2744 deicientem,
2036 2695 2072 2735 si

298 2760 396 2799 sine
421 2760 512 2800 ulla
536 2758 883 2814 1·estitucione¹')
908 2764 1222 2814 dampnarunt
1241 2766 1776 2807 excom]nunicacionem
1803 2767 2073 2807 dictantem.

297 2831 502 2882 Denique
537 2832 575 2871 si
620 2845 737 2883 pape
783 2846 864 2874 sue
911 2836 958 2875 et
1003 2835 1209 2875 fraterne
1256 2836 1422 2877 salutis
1468 2837 1761 2887 negligentis.
1807 2837 1981 2877 inutilis
2026 2838 2074 2876 et

299 2903 481 2942 remissi
536 2903 849 2954 taciturnique
899 2918 925 2946 a
973 2905 1094 2947 bono
1148 2906 1506 2949 innumerabiles
1561 2909 1756 2959 populos
1809 2919 1967 2948 secum
2017 2906 2073 2947 ad

418 3023 447 3043 a!
472 3016 515 3043 So
537 3017 584 3043 IIs
604 3018 679 3047 stult
701 3020 863 3051 relegare.
903 3019 935 3051 b)
957 3019 995 3045 In
1019 3019 1075 3045 ΝΥ.
1097 3019 1150 3044 242
1168 3019 1249 3047 steht
1271 3021 1341 3048 hier
1360 3021 1586 3047 restrictione.

420 3078 443 3121 ¹)
469 3090 495 3113 c.
529 3081 542 3113 l
574 3081 634 3114 Di.
660 3080 785 3113 XAH.
816 3099 857 3102 —
886 3079 913 3123 ²)
941 3081 1045 3115 Nacle
1079 3081 1174 3116 Hah.
1200 3092 1227 3116 c.
1252 3084 1286 3123 3,
1315 3083 1367 3115 16.
1396 3101 1440 3104 —
1467 3081 1495 3125 ³)
1524 3082 1626 3116 Ναί-ΙΙ
1656 3083 1718 3116 Ps.
1746 3083 1800 3121 72,
1826 3084 1856 3117 9.
