2178 3404
320 149 406 190 504
674 157 734 191 ΙΙΙ.
763 156 980 189 Absclmitt.
1032 155 1224 188 Benedikt
1251 155 1349 188 XIII.
1379 156 1452 188 und
1483 156 1552 189 das
1580 156 1728 190 Konzil.

320 267 406 306 hiis
454 266 628 306 verbis:
675 265 771 305 Hoc
818 265 920 305 dico
967 278 1048 316 pro
1095 278 1322 316 responso
1369 265 1409 305 d.
1446 277 1487 305 n.
1535 267 1835 307 sanctissimi.
1900 265 1936 308 O
1983 280 2089 309 ceca

319 337 561 387 responsio
605 336 799 376 illudens
843 338 1162 387 excusantem⁷
1206 348 1231 376 o
1275 336 1567 387 dampnande
1610 336 1883 378 ambicionis
1924 338 2089 388 impro-

321 407 441 447 bitas
478 439 485 446 .
522 439 529 446 .
566 438 572 446 .

438 478 533 518 Rex
577 477 846 527 Aragonum
893 509 900 515 .
943 508 950 516 .
996 509 1003 516 .
1047 478 1277 528 quandam
1323 477 1547 529 cedulam,
1590 478 1699 519 iicet
1743 478 1787 517 P.
1831 491 1912 529 pro
1957 481 2088 520 tanto

316 547 637 597 favorabilem,
683 580 689 587 .
735 579 742 587 .
788 579 795 587 .
840 560 896 588 ne
944 550 1101 588 tamen
1148 550 1342 598 ruptura
1389 548 1517 588 fieret
1566 549 1609 588 in
1656 549 1856 589 materia
1902 561 2088 600 precon-

317 621 466 669 cepta,
500 618 690 666 eidem²¹)
725 619 769 658 I'.
806 615 996 669 primol)
1029 618 1099 658 die
1144 618 1419 658 Novembris
1464 620 1724 669 presentari
1762 619 1886 660 fecit.
1952 619 2088 661 Cuius

317 691 450 730 tenor
504 689 569 730 sic
624 689 805 739 incipit:
862 689 942 730 Est
998 690 1150 729 visum
1205 690 1507 730 serenissimo
1565 690 1750 731 domino
1801 690 2090 732 Ferdinando

315 762 402 801 etc.
439 792 446 800 .
484 793 491 801 .
527 758 574 812 ,3)

434 844 521 885 Pro
557 856 647 895 qua
685 844 867 894 quidem
904 844 1065 885 cedula
1100 844 1219 884 inter
1259 844 1386 894 ipsos
1422 844 1749 885 concordanda
1783 845 1987 885 secundo
2022 845 2092 885 die

314 914 592 955 Novembris
627 927 706 955 rex
751 914 1021 965 Aragonum
1067 927 1199 955 suum
1246 915 1373 955 misit:
1415 915 1776 965 primogenitum
1817 915 1875 956 ad
1918 915 2090 955 dictum

316 985 360 1025 P.
396 997 499 1026 cmn
534 986 658 1026 omni
692 985 962 1026 reverencia
1002 985 1087 1025 sibi
1123 985 1440 1036 supplicando,
1482 987 1714 1035 quatenus
1748 985 1894 1025 eidem
1936 986 1979 1025 in
2015 998 2091 1026 ex-

314 1056 475 1096 tremis
510 1058 619 1097 tunc
644 1056 882 1107 languenti
918 1057 1099 1096 tantam
1123 1056 1331 1106 graciam
1367 1056 1586 1106 dignatus
1611 1051 1742 1107 est‚'')
1776 1058 1827 1096 ut*
1852 1056 1909 1096 ad
1943 1056 2090 1107 ipsum

314 1126 596 1167 descendere
621 1127 817 1168 voluerit
854 1128 902 1167 et,
929 1128 1177 1167 materiam
1214 1128 1486 1167 contentam
1520 1126 1565 1166 in
1597 1126 1758 1167 cedula
1793 1127 2090 1167 concordare.

315 1197 400 1246 Qui
434 1198 601 1238 nedum
637 1210 719 1248 pro
764 1200 897 1238 tanto
933 1198 1054 1238 bono
1098 1197 1380 1238 descendere
1423 1198 1621 1246 rennuit,
1664 1200 1733 1238 set
1771 1198 1979 1238 cedulam
2015 1210 2092 1238 ex-

313 1281 475 1319 presse
519 1268 773 1319 predictam
821 1268 1077 1309 concedere
1121 1268 1384 1319 denegavit,
1433 1280 1651 1309 asserens
1697 1281 1746 1309 se
1780 1269 1941 1319 pocius
1978 1269 2092 1309 velle

313 1339 525 1379 ultimum
560 1339 655 1390 pati
681 1339 970 1389 supplicium,
1005 1351 1141 1389 quam
1180 1351 1204 1379 a
1230 1339 1327 1379 suis
1353 1339 1526 1379 cedulis
1561 1339 1835 1390 prescriptis
1860 1338 1903 1379 in
1939 1339 2090 1390 aliquo

312 1410 522 1450 retroire.
589 1409 654 1449 Ex
688 1409 774 1449 hoc
809 1409 929 1449 enim
965 1421 1099 1460 reges
1139 1412 1180 1449 et
1220 1410 1449 1460 principes
1484 1409 1750 1450 obediencie
1790 1410 1899 1451 dicti
1936 1410 1981 1450 P.
2015 1422 2092 1450 ne-

312 1481 418 1522 dum
455 1481 604 1531 ipsum
641 1480 741 1531 plus
785 1480 939 1521 debito
975 1480 1281 1530 differentem,
1326 1482 1399 1520 set¹
1434 1480 1652 1530 implicite
1696 1481 2002 1531 denegantem
2044 1484 2091 1521 et

312 1552 496 1603 penitus
531 1551 858 1602 indispositum
901 1551 958 1592 ad
993 1551 1247 1591 cedendum
1283 1551 1555 1601 simpliciter
1594 1552 1783 1602 papatui
1820 1584 1827 1591 ,
1863 1584 1871 1592 .
1909 1584 1915 1590 .
1951 1552 2088 1593 modo

312 1625 359 1663 et
401 1623 553 1663 forma
596 1635 676 1673 per
717 1622 869 1663 dictos
914 1623 1096 1673 legatos
1132 1654 1139 1662 .
1176 1655 1183 1662 .
1219 1655 1227 1663 .
1264 1623 1496 1673 requirere
1540 1623 1883 1664 concluserunt.
1958 1623 2089 1673 Quod

314 1694 578 1744 concipiens
617 1694 659 1733 Ι).
684 1706 830 1745 equus
865 1694 1115 1734 Baltasarii
1151 1694 1278 1744 sequi
1306 1694 1466 1734 volens
1501 1694 1716 1744 vestigia.
1751 1706 1807 1734 ne
1841 1706 1921 1744 per
1954 1706 2086 1734 suum

311 1764 527 1814 generale
571 1765 813 1805 concilium
860 1765 915 1805 ad
963 1767 1073 1805 tunc
1119 1765 1377 1815 I'erpiniani
1421 1765 1631 1805 existens
1675 1765 1990 1815 requireretur
2033 1764 2090 1804 ad

313 1835 581 1886 cedendum,
616 1835 705 1875 IIII.
741 1836 812 1875 die
835 1835 1113 1876 Novembris
1147 1836 1319 1876 dictum
1347 1836 1590 1876 concilium
1617 1836 1911 1876 continuavit.
1945 1848 2089 1886 usque

311 1906 368 1946 ad
403 1906 597 1956 primum
635 1907 752 1946 diem
789 1907 964 1947 mensis
996 1906 1204 1947 ,ianuarii
1238 1906 1446 1956 proxime
1478 1906 1621 1947 futuri
1658 1919 1770 1947 suos
1807 1906 2089 1947 licenciando

312 1977 519 2027 prelatos
554 1990 608 2017 ea
652 1977 928 2027 intencione,
972 1977 1092 2027 quod
1129 1977 1311 2017 unionis
1356 1979 1593 2018 tractatus
1635 1977 1819 2028 penitus
1855 1989 2088 2027 rumpere-

311 2044 443 2095 tu1·.³)
496 2047 592 2088 Rex
629 2048 895 2098 Aragonum
934 2060 1037 2089 cum
1074 2048 1456 2098 procuratoribus
1490 2060 1650 2099 regum
1685 2047 1886 2088 Casteue
1920 2050 1965 2088 et
2000 2048 2088 2088 Na-

314 2130 464 2169 varre‚
499 2131 599 2159 cum
638 2119 887 2159 comitibus
916 2114 1226 2169 Ai·1naniaci¹')
1260 2121 1303 2159 et
1342 2119 1455 2159 Fuxi
1489 2132 1543 2160 ac
1584 2119 1752 2160 ceteris
1788 2119 2089 2160 comitatibus

311 2189 679 2232 considerantes
715 2190 835 2240 quod
870 2190 993 2230 intra
1027 2190 1272 2230 ecclesiam
1299 2190 1552 2239 potestatis
1588 2190 1756 2240 adepte
1787 2190 1853 2231 sic
1889 2190 2088 2230 culmina

312 2261 542 2310 tenentur7
575 2260 695 2310 quod
720 2260 943 2300 reddituri
967 2263 1077 2301 sunt
1100 2272 1182 2311 pro
1207 2273 1262 2301 ea
1286 2261 1536 2308 racionem„
1572 2273 1709 2311 quam
1736 2261 1921 2302 Christo
1957 2263 2087 2301 tuen-

309 2330 415 2370 dam
461 2333 775 2383 smnpseruust,
820 2321 890 2370 IX.
934 2331 1212 2372 Novembris
1252 2332 1591 2382 primogenitus
1635 2332 1758 2383 regis
1802 2331 2086 2382 Aragonmm

310 2402 523 2452 princeps
559 2401 784 2453 Gerunde,
819 2403 1003 2443 nomine
1037 2403 1159 2453 regis
1185 2403 1454 2453 Aragonum
1480 2415 1534 2443 ac
1558 2403 1718 2454 ipsius,
1753 2403 2086 2453 secumlogeni-

310 2475 386 2512 tus
421 2473 542 2523 regis
588 2471 910 2523 Aragonumj)
952 2475 1181 2525 magister
1223 2487 1258 2514 s.
1293 2474 1455 2515 -lacobi
1498 2475 1685 2515 nomine
1727 2474 1850 2525 regis
1886 2474 2087 2514 t'astelle

309 2555 487 2583 necnon
531 2544 917 2594 prothmiotarius
952 2545 1161 2585 Navarre
1204 2545 1389 2585 nomine
1429 2545 1551 2596 regis
1585 2545 1793 2586 Navarre
1837 2556 2086 2595 comesque

310 2609 619 2661 Armaniacr‘)
653 2617 701 2655 et
735 2627 893 2655 comes
920 2615 1031 2655 Fuxi
1067 2616 1109 2656 in
1135 2616 1333 2666 propriis
1363 2616 1575 2666 personis
1599 2616 1749 2666 ipsum
1786 2615 1832 2656 P.
1856 2616 1900 2656 in
1926 2618 2085 2656 castro

312 2684 568 2735 Perpiniani
625 2688 733 2726 tunc
787 2686 1069 2727 existentem
1120 2687 1175 2727 ad
1230 2687 1484 2728 cedendum
1540 2687 1824 2738 simpliciter,
1879 2698 1990 2737 pure
2039 2689 2083 2726 et

427 2824 458 2855 a)
480 2823 528 2849 Hs·
549 2822 713 2857 idemque.
752 2824 784 2857 b)
805 2823 844 2851 Ss
867 2824 919 2852 Hs.

432 2884 455 2917 ¹)
482 2885 586 2918 Nacle
618 2885 955 2929 Horirap}·otolsoll
980 2888 1013 2920 3.
1042 2887 1257 2920 November.

431 2943 455 2985 ³)
488 2944 575 2978 Text
602 2945 793 2987 Raynald
820 2946 874 2978 ad
901 2956 936 2978 a.
965 2947 1057 2979 1415
1085 2946 1151 2979 Nr.
1180 2946 1342 2979 XLVII.

428 3002 454 3037 ²³>
483 3003 615 3037 Niehts
643 3004 735 3037 iiher
761 3004 822 3037 dic
848 3004 999 3038 Abrcise
1024 3004 1286 3049 Sigyismamd-s.

429 3062 454 3095 ⁴)
479 3062 689 3097 Jolmmues.
