2178 3404
272 159 358 198 554
627 168 685 200 111.
716 168 933 200 Absclinitt.
987 168 1175 201 Benedikt
1205 168 1302 201 XIII.
1332 169 1408 201 und
1438 169 1507 202 das
1535 169 1683 202 Konzil.

273 277 447 317 factum
492 280 578 317 cst.
622 280 669 317 ut
716 277 1071 317 invictissimum
1116 276 1376 317 Christiane
1420 276 1521 318 fidei
1566 278 1797 320 atlettam.
1842 280 1916 329 qui
1959 293 2040 330 pro

272 348 369 387 eius
418 347 708 387 exaltacione
758 347 926 397 proprii
982 347 1198 387 fundendi
1250 348 1488 397 sanguinis
1539 348 1730 389 ardebat
1785 350 2042 395 desideriis,

275 420 368 456 tam
414 417 594 457 modico
639 420 848 467 tempore
891 417 1060 458 habere
1105 418 1299 468 populus
1342 423 1601 458 mercretur
1633 420 1675 459 in
1713 420 1962 470 principem
1997 424 2039 461 et

273 490 517 528 rccmrem.
561 488 634 537 qui
671 488 926 529 sediciosos
970 489 1199 528 tumultus
1234 491 1277 529 et
1324 489 1515 529 socialia
1558 489 1675 530 bella
1719 493 1858 540 atque
1893 491 2043 531 civilia

273 557 335 596 ita
372 556 563 607 fugabat
601 570 682 597 sue
706 558 972 599 maiestatis
1001 559 1241 609 presencia
1268 561 1364 599 tam
1399 560 1443 598 in
1478 560 1632 610 regnis
1667 572 1879 601 succure
1905 563 2044 611 atque

274 628 461 667 tuicioni
489 628 754 668 commissis
784 641 921 679 quam
946 629 1091 670 eciam
1119 642 1200 669 sue
1229 630 1396 670 dicioni
1422 630 1659 670 subiectis.
1694 632 1758 680 ut,
1793 634 2043 682 antequam

274 698 418 739 fieret.
455 699 722 739 admirabile
748 699 1001 749 diceretur3
1036 712 1143 740 nam
1179 700 1300 750 quod
1325 701 1394 740 sui
1419 701 1777 750 predecessores
1802 713 1934 752 reges
1969 714 2045 742 ex-

274 768 590 809 cellentissimi
619 781 699 820 per
733 770 879 810 multa
908 772 1160 820 regnantes
1185 771 1341 821 quieta
1377 773 1588 821 tempora
1623 774 1820 821 paccata
1854 772 2045 812 reddere

273 839 429 889 quieta¹
453 841 713 890 nequivere.
748 841 893 881 eciam
920 842 1177 891 plectendo.
1213 841 1525 882 confiscando.
1560 842 1657 892 ipse
1682 843 1725 881 in
1754 843 1888 883 inicio
1916 844 2044 893 regni

275 910 344 950 sui
380 910 478 951 solo
513 911 669 952 verbo.
714 912 784 951 vel
818 914 866 951 ut
903 912 1067 962 loquar
1108 913 1334 962 proprius.
1380 912 1479 953 solo
1513 914 1629 953 nutu
1663 913 1879 963 placavit.
1926 914 2046 964 quod

274 992 359 1030 ego
403 981 553 1031 magis
587 982 630 1022 vi
666 981 822 1022 oblata
866 982 1087 1022 divinitus
1131 995 1268 1033 quam
1302 983 1506 1023 humana
1547 983 1774 1024 industria
1820 985 2047 1025 accidisse

275 1051 560 1092 crcululeriin.
604 1053 663 1092 illi
699 1053 859 1093 forsan
894 1065 1118 1094 concessa
1155 1054 1331 1103 virtuti,
1372 1066 1452 1104 per
1487 1066 1623 1104 quam
1659 1055 1702 1094 in
1738 1067 1919 1096 summa
1955 1055 2046 1096 for-

275 1125 387 1162 tuna
430 1123 619 1163 minima
653 1123 737 1163 sibi
783 1124 976 1174 putabat
1023 1124 1189 1164 adesse
1232 1124 1497 1175 licenciam3
1541 1125 1605 1165 ita
1650 1128 1698 1165 ut
1734 1126 1777 1165 in
1821 1129 2044 1176 quantum

275 1192 372 1242 ipse
397 1192 804 1234 f‹j›rtunatissimus
830 1195 1029 1235 creatori
1066 1207 1149 1235 suo
1176 1195 1424 1235 cordialius
1450 1195 1751 1243 subdebatur,
1785 1197 1829 1236 in
1864 1198 2045 1237 tantum

275 1262 446 1303 subditi
482 1264 551 1304 sui
576 1265 774 1305 virtuosi
799 1277 958 1306 amore
992 1268 1037 1306 et
1074 1266 1215 1306 ceteri
1250 1278 1341 1307 non
1367 1268 1580 1306 amantes
1606 1259 1773 1307 timore
1807 1267 1893 1307 sibi
1916 1280 2046 1318 pare—

275 1336 375 1373 rent
412 1333 628 1375 humilius
664 1367 670 1374 .
708 1368 715 1375 .
753 1368 759 1376 .

395 1404 449 1444 Et
475 1407 699 1455 quantum
720 1406 779 1446 ad
797 1407 854 1447 id.
879 1407 999 1457 quod
1024 1407 1286 1448 sublimitas
1308 1410 1465 1447 vestra
1492 1408 1600 1448 dicit
1622 1421 1671 1449 se
1691 1410 1806 1450 velle
1830 1411 2046 1461 prosequi

274 1475 516 1524 negocium
553 1477 734 1517 unionis
759 1478 954 1518 ecclesie
988 1490 1078 1517 non
1104 1478 1254 1518 minus
1280 1478 1511 1520 ardenter.
1546 1491 1680 1529 quam
1707 1481 1942 1531 inceperat
1968 1493 2045 1522 ex-

274 1545 603 1587 cellentissime
622 1548 844 1589 memorie
863 1550 998 1598 pater
1016 1551 1188 1590 vester.
1212 1549 1340 1589 iuxta
1367 1561 1501 1589 suum
1526 1550 1754 1591 laudabile
1774 1551 2045 1602 principium

273 1618 642 1658 consumandum
678 1621 722 1658 et
749 1610 869 1669 quod
900 1631 987 1665 me,
1023 1631 1155 1670 quem
1193 1620 1407 1670 precipue
1440 1620 1701 1661 huiusmodi
1732 1623 1882 1673 tangit
1908 1635 2046 1673 nego-

274 1687 406 1726 cium.
453 1688 636 1728 interno
672 1692 892 1739 precatur
926 1690 1096 1731 affectu
1133 1692 1177 1731 et
1212 1702 1293 1741 per
1326 1691 1509 1731 viscera
1554 1692 1870 1733 misericordie
1902 1693 2047 1734 ι1119511

273 1756 443 1797 Phristi
464 1758 681 1800 hortatur
700 1763 743 1800 et
770 1761 975 1811 requirit.
1000 1764 1048 1802 ut
1070 1762 1127 1801 ad
1151 1762 1611 1803 consummacionem
1636 1765 1731 1803 tam
1754 1764 1874 1804 sacri
1895 1765 2047 1814 operis

273 1839 547 1869 concurram
582 1842 684 1870 cum
721 1832 904 1872 ceteris.
949 1832 1054 1883 quid
1088 1835 1247 1873 vestre
1292 1833 1535 1873 serenitati
1575 1834 1897 1884 respondeam,
1940 1835 2044 1875 dum

274 1899 423 1948 magis
448 1899 632 1941 intueor
656 1905 834 1943 statum
858 1904 1037 1953 negocii
1063 1916 1200 1954 quam
1230 1904 1540 1944 intencionem
1569 1907 1775 1945 vestram
1801 1905 2047 1953 sinceram,

273 1970 444 2010 nescio.
480 1971 596 2020 Quid
621 1974 777 2013 tamen
803 1974 842 2013 d.
863 1975 958 2025 regi
979 1977 1140 2015 vestro
1166 1975 1583 2025 precellentissimo
1608 1976 1804 2026 genitori
1831 1976 2048 2026 respondi

273 2040 524 2088 geminatis
549 2042 740 2094 vicibus
776 2044 890 2085 bene
916 2045 1034 2093 scio3
1069 2057 1175 2085 nam
1201 2046 1470 2086 serenitatis
1496 2046 1594 2086 eius
1620 2047 1738 2086 satis
1762 2046 1899 2087 michi
1924 2058 2047 2087 com—

275 2113 405 2159 perta
428 2111 690 2163 benignitas
714 2118 758 2154 et
785 2116 975 2156 evidens
995 2117 1227 2166 presentis
1248 2117 1567 2157 tribulacionis
1591 2117 1867 2168 necessitas,
1891 2120 1935 2157 et
1956 2129 2047 2158 non

275 2181 426 2221 minus
451 2183 539 2227 illa,
575 2196 660 2235 que
696 2185 808 2225 foris
834 2187 975 2227 mittit
1014 2187 1242 2233 timorem,
1277 2188 1431 2228 divina
1466 2188 1640 2228 caritas
1675 2200 1891 2238 magnam
1923 2191 2048 2229 certe

276 2251 528 2301 prebebant
555 2254 768 2296 fiduciam
796 2269 929 2297 suam
955 2258 1108 2298 acrius
1136 2258 1351 2298 monendi
1377 2259 1675 2299 clemenciam
1702 2261 1745 2299 et
1772 2259 1923 2299 anime
1948 2271 2048 2309 pre-

276 2322 400 2363 ciose
425 2325 625 2373 pericula
651 2326 954 2368 hostentandi
981 2328 1179 2369 liberius.
1235 2329 1379 2370 Vobis
1405 2331 1575 2379 autem,
1610 2329 1925 2370 illustrissime
1953 2342 2047 2380 rex7

274 2393 379 2442 quid
415 2393 611 2445 loquar?
665 2397 777 2438 Cum
813 2410 901 2448 quo
936 2399 1072 2440 michi
1100 2411 1191 2439 11011
1216 2400 1328 2440 talia
1363 2411 1632 2450 processere
1667 2400 1892 2450 coloquiaf
1928 2400 2047 2451 apud

275 2475 407 2513 quem
435 2465 634 2507 forsitan
660 2469 782 2508 omni
809 2471 1094 2510 auctoritate
1119 2470 1341 2511 carebunt
1367 2483 1485 2521 mea,
1520 2474 1928 2522 (plantumcunque
1952 2472 2047 2512 fue-

275 2534 381 2582 rint.v
401 2535 525 2576 dicta
545 2537 749 2580 iuridica.
788 2540 932 2580 Vnum
953 2544 1125 2591 tament
1146 2542 1267 2592 quod
1287 2542 1587 2582 serenissimo
1607 2542 1728 2592 patri
1748 2544 1908 2582 vestro
1928 2542 2049 2582 inter

276 2604 365 2645 alia
390 2607 536 2647 multa
561 2620 640 2658 per
674 2611 901 2660 quendam
938 2612 1221 2662 solempnem
1248 2613 1397 2653 virum
1430 2613 1655 2663 intimavi,
1689 2615 1848 2653 vestre
1872 2613 2047 2663 magni-

275 2674 462 2717 ficencie
490 2689 582 2719 non
616 2680 790 2721 sillebo.
846 2681 1034 2732 Cavete,
1070 2683 1290 2734 supplico7
1325 2695 1381 2723 ne
1404 2683 1480 2723 illa
1504 2683 1547 2723 in
1570 2683 1704 2723 vobis
1727 2683 1943 2723 Davitica
1965 2683 2046 2723 im-

277 2746 457 2795 pleatur
481 2751 739 2791 sentencia:
765 2752 923 2793 Effusa
948 2756 1019 2794 est
1046 2750 1378 2804 c011tempcia²¹)
1402 2766 1542 2804 super
1566 2754 1795 2804 principes
1820 2755 1867 2793 et¹
1890 2765 2047 2794 errare

277 2816 387 2859 fecit
411 2831 491 2860 eos
511 2820 553 2860 111
574 2822 696 2863 invio
721 2825 765 2863 et
786 2835 877 2863 non
896 2824 939 2864 in
958 2822 1086 2877 via.¹)
1119 2825 1295 2865 Invium
1315 2826 1570 2876 prophecto
1595 2824 1727 2865 salvo
1748 2826 1906 2864 vestre
1925 2824 2046 2875 regis

277 2888 520 2939 dignitatis
553 2891 728 2934 honore
753 2894 985 2935 arbitratu
1009 2908 1112 2937 meo
1137 2899 1224 2947 est2
1259 2908 1393 2947 quem
1419 2908 1504 2937 vos
1528 2895 1783 2946 legitimum
1808 2895 2046 2935 tramitem

395 3002 427 3035 a)
447 3004 495 3030 Hs
518 3006 737 3039 contempcio.

401 3064 420 3090 ¹1
453 3066 511 3099 I's.
542 3068 615 3101 loli.
643 3069 696 3100 40.
