<?xml version="1.0" encoding="UTF-8"?>
<!DOCTYPE html PUBLIC "-//W3C//DTD XHTML 1.0 Transitional//EN"
    "http://www.w3.org/TR/xhtml1/DTD/xhtml1-transitional.dtd">
<html xmlns="http://www.w3.org/1999/xhtml" xml:lang="en" lang="en">
 <head>
  <title>
</title>
<meta http-equiv="Content-Type" content="text/html;charset=utf-8" />
  <meta name='ocr-system' content='tesseract 3.04.00' />
  <meta name='ocr-capabilities' content='ocr_page ocr_carea ocr_par ocr_line ocrx_word'/>
</head>
<body>
  <div class='ocr_page' id='page_1' title='image "./actaconciliicons03counuoft_0435.png"; bbox 0 0 2178 3404; ppageno 0'>
   <div class='ocr_carea' id='block_1_1' title="bbox 291 162 1871 209">
    <p class='ocr_par' dir='ltr' id='par_1_1' title="bbox 291 162 1871 209">
     <span class='ocr_line' id='line_1_1' title="bbox 291 162 1871 209; baseline -0.003 -5"><span class='ocrx_word' id='word_1_1' title='bbox 291 170 331 206; x_wconf 78' lang='lat' dir='ltr'>A.</span> <span class='ocrx_word' id='word_1_2' title='bbox 385 170 572 204; x_wconf 75' lang='lat' dir='ltr'>Benedikt</span> <span class='ocrx_word' id='word_1_3' title='bbox 604 170 701 203; x_wconf 80' lang='lat' dir='ltr'>XIII.</span> <span class='ocrx_word' id='word_1_4' title='bbox 730 170 806 203; x_wconf 87' lang='lat' dir='ltr'>und</span> <span class='ocrx_word' id='word_1_5' title='bbox 834 171 940 202; x_wconf 78' lang='grc'>561116</span> <span class='ocrx_word' id='word_1_6' title='bbox 969 169 1239 209; x_wconf 69' lang='lat' dir='ltr'>Bozieliungen</span> <span class='ocrx_word' id='word_1_7' title='bbox 1269 180 1312 201; x_wconf 79' lang='lat' dir='ltr'>zu</span> <span class='ocrx_word' id='word_1_8' title='bbox 1342 168 1572 202; x_wconf 61' lang='lat' dir='ltr'>seliottlaml</span> <span class='ocrx_word' id='word_1_9' title='bbox 1602 174 1673 202; x_wconf 69' lang='lat' dir='ltr'>‹=t‹·.</span> <span class='ocrx_word' id='word_1_10' title='bbox 1786 162 1871 201; x_wconf 61' lang='lat'>4133</span> 
     </span>
    </p>
   </div>
   <div class='ocr_carea' id='block_1_2' title="bbox 100 277 1873 474">
    <p class='ocr_par' dir='ltr' id='par_1_2' title="bbox 100 277 1873 474">
     <span class='ocr_line' id='line_1_2' title="bbox 220 277 1873 332; baseline -0.002 -11"><span class='ocrx_word' id='word_1_11' title='bbox 220 280 475 332; x_wconf 84' lang='lat' dir='ltr'>Sequencia</span> <span class='ocrx_word' id='word_1_12' title='bbox 525 280 740 320; x_wconf 87' lang='lat' dir='ltr'>videntur</span> <span class='ocrx_word' id='word_1_13' title='bbox 792 291 932 329; x_wconf 87' lang='lat' dir='ltr'>posse</span> <span class='ocrx_word' id='word_1_14' title='bbox 985 278 1253 329; x_wconf 83' lang='lat' dir='ltr'>responderi</span> <span class='ocrx_word' id='word_1_15' title='bbox 1308 278 1348 318; x_wconf 88' lang='lat' dir='ltr'>d.</span> <span class='ocrx_word' id='word_1_16' title='bbox 1399 278 1556 319; x_wconf 89' lang='lat' dir='ltr'>comiti</span> <span class='ocrx_word' id='word_1_17' title='bbox 1609 277 1873 318; x_wconf 75' lang='lat' dir='ltr'>Armaniaci</span> 
     </span>
     <span class='ocr_line' id='line_1_3' title="bbox 103 349 1873 402; baseline -0.002 -9"><span class='ocrx_word' id='word_1_18' title='bbox 103 352 227 393; x_wconf 87' lang='lat' dir='ltr'>circa</span> <span class='ocrx_word' id='word_1_19' title='bbox 260 363 329 402; x_wconf 74' lang='lat' dir='ltr'>ea,</span> <span class='ocrx_word' id='word_1_20' title='bbox 364 362 450 400; x_wconf 91' lang='lat' dir='ltr'>que</span> <span class='ocrx_word' id='word_1_21' title='bbox 483 350 711 400; x_wconf 85' lang='lat' dir='ltr'>magister</span> <span class='ocrx_word' id='word_1_22' title='bbox 743 350 973 400; x_wconf 86' lang='lat' dir='ltr'>generalis</span> <span class='ocrx_word' id='word_1_23' title='bbox 1008 349 1205 389; x_wconf 86' lang='lat' dir='ltr'>fratrum</span> <span class='ocrx_word' id='word_1_24' title='bbox 1242 349 1469 389; x_wconf 83' lang='lat' dir='ltr'>Minorum</span> <span class='ocrx_word' id='word_1_25' title='bbox 1505 349 1611 389; x_wconf 89' lang='grc'>(1.11.</span> <span class='ocrx_word' id='word_1_26' title='bbox 1647 361 1763 400; x_wconf 87' lang='lat' dir='ltr'>pape</span> <span class='ocrx_word' id='word_1_27' title='bbox 1797 361 1873 390; x_wconf 82' lang='lat' dir='ltr'>ex-</span> 
     </span>
     <span class='ocr_line' id='line_1_4' title="bbox 100 421 810 474; baseline -0.006 -10"><span class='ocrx_word' id='word_1_28' title='bbox 100 423 257 474; x_wconf 81' lang='lat' dir='ltr'>posuit</span> <span class='ocrx_word' id='word_1_29' title='bbox 290 424 337 463; x_wconf 89' lang='lat' dir='ltr'>et</span> <span class='ocrx_word' id='word_1_30' title='bbox 370 422 415 461; x_wconf 94' lang='lat' dir='ltr'>in</span> <span class='ocrx_word' id='word_1_31' title='bbox 449 421 637 471; x_wconf 86' lang='lat' dir='ltr'>scriptis</span> <span class='ocrx_word' id='word_1_32' title='bbox 672 421 810 461; x_wconf 87' lang='lat' dir='ltr'>dedit.</span> 
     </span>
    </p>
   </div>
   <div class='ocr_carea' id='block_1_3' title="bbox 102 502 1880 1060">
    <p class='ocr_par' dir='ltr' id='par_1_3' title="bbox 102 502 1876 695">
     <span class='ocr_line' id='line_1_5' title="bbox 222 502 1876 553; baseline 0.001 -10"><span class='ocrx_word' id='word_1_33' title='bbox 222 503 375 544; x_wconf 91' lang='lat' dir='ltr'>Primo</span> <span class='ocrx_word' id='word_1_34' title='bbox 410 503 549 543; x_wconf 90' lang='lat' dir='ltr'>solito</span> <span class='ocrx_word' id='word_1_35' title='bbox 584 514 713 543; x_wconf 88' lang='lat' dir='ltr'>more</span> <span class='ocrx_word' id='word_1_36' title='bbox 746 502 963 543; x_wconf 81' lang='lat' dir='ltr'>laudabili</span> <span class='ocrx_word' id='word_1_37' title='bbox 999 503 1227 553; x_wconf 90' lang='lat' dir='ltr'>premissa</span> <span class='ocrx_word' id='word_1_38' title='bbox 1262 502 1552 543; x_wconf 73' lang='lat' dir='ltr'>salutacione</span> <span class='ocrx_word' id='word_1_39' title='bbox 1586 506 1631 544; x_wconf 90' lang='lat' dir='ltr'>et</span> <span class='ocrx_word' id='word_1_40' title='bbox 1665 503 1876 545; x_wconf 88' lang='lat' dir='ltr'>benedic-</span> 
     </span>
     <span class='ocr_line' id='line_1_6' title="bbox 102 562 1876 625; baseline 0 -10"><span class='ocrx_word' id='word_1_41' title='bbox 102 574 228 615; x_wconf 84' lang='lat' dir='ltr'>tione</span> <span class='ocrx_word' id='word_1_42' title='bbox 264 573 525 625; x_wconf 87' lang='lat' dir='ltr'>apostolica</span> <span class='ocrx_word' id='word_1_43' title='bbox 567 576 931 624; x_wconf 87' lang='lat' dir='ltr'>presentataque</span> <span class='ocrx_word' id='word_1_44' title='bbox 972 574 1127 613; x_wconf 89' lang='lat' dir='ltr'>littera</span> <span class='ocrx_word' id='word_1_45' title='bbox 1163 562 1435 614; x_wconf 68' lang='lat' dir='ltr'>credent-iali</span> <span class='ocrx_word' id='word_1_46' title='bbox 1482 586 1536 614; x_wconf 84' lang='lat' dir='ltr'>ex</span> <span class='ocrx_word' id='word_1_47' title='bbox 1588 578 1720 624; x_wconf 85' lang='lat' dir='ltr'>parte</span> <span class='ocrx_word' id='word_1_48' title='bbox 1767 575 1876 616; x_wconf 85' lang='lat' dir='ltr'>dicti</span> 
     </span>
     <span class='ocr_line' id='line_1_7' title="bbox 104 644 1876 695; baseline 0.001 -10"><span class='ocrx_word' id='word_1_49' title='bbox 104 645 275 686; x_wconf 90' lang='lat' dir='ltr'>domini</span> <span class='ocrx_word' id='word_1_50' title='bbox 309 644 475 695; x_wconf 73' lang='lat' dir='ltr'>nostri,</span> <span class='ocrx_word' id='word_1_51' title='bbox 509 644 595 695; x_wconf 89' lang='lat' dir='ltr'>ipsi</span> <span class='ocrx_word' id='word_1_52' title='bbox 630 644 670 684; x_wconf 90' lang='lat' dir='ltr'>d.</span> <span class='ocrx_word' id='word_1_53' title='bbox 707 645 864 685; x_wconf 90' lang='lat' dir='ltr'>comiti</span> <span class='ocrx_word' id='word_1_54' title='bbox 900 646 1117 694; x_wconf 88' lang='lat' dir='ltr'>poterunt</span> <span class='ocrx_word' id='word_1_55' title='bbox 1154 645 1319 694; x_wconf 84' lang='lat' dir='ltr'>exponi</span> <span class='ocrx_word' id='word_1_56' title='bbox 1366 646 1626 695; x_wconf 69' lang='grc'>566116116111,</span> <span class='ocrx_word' id='word_1_57' title='bbox 1673 646 1876 687; x_wconf 79' lang='lat' dir='ltr'>scilicet:</span> 
     </span>
    </p>

    <p class='ocr_par' dir='ltr' id='par_1_4' title="bbox 103 726 1880 1060">
     <span class='ocr_line' id='line_1_8' title="bbox 224 726 1879 777; baseline 0.002 -10"><span class='ocrx_word' id='word_1_58' title='bbox 224 726 356 777; x_wconf 75' lang='lat' dir='ltr'>Quod</span> <span class='ocrx_word' id='word_1_59' title='bbox 389 726 603 767; x_wconf 89' lang='lat' dir='ltr'>dominus</span> <span class='ocrx_word' id='word_1_60' title='bbox 637 728 801 766; x_wconf 88' lang='lat' dir='ltr'>noster</span> <span class='ocrx_word' id='word_1_61' title='bbox 836 726 993 767; x_wconf 87' lang='lat' dir='ltr'>audita</span> <span class='ocrx_word' id='word_1_62' title='bbox 1028 726 1137 767; x_wconf 88' lang='lat' dir='ltr'>dicti</span> <span class='ocrx_word' id='word_1_63' title='bbox 1172 726 1212 767; x_wconf 90' lang='lat' dir='ltr'>d.</span> <span class='ocrx_word' id='word_1_64' title='bbox 1239 727 1422 767; x_wconf 87' lang='lat' dir='ltr'>comitis</span> <span class='ocrx_word' id='word_1_65' title='bbox 1457 730 1584 768; x_wconf 84' lang='lat' dir='ltr'>recta</span> <span class='ocrx_word' id='word_1_66' title='bbox 1617 729 1879 770; x_wconf 76' lang='lat' dir='ltr'>intencione</span> 
     </span>
     <span class='ocr_line' id='line_1_9' title="bbox 105 797 1876 848; baseline 0.001 -10"><span class='ocrx_word' id='word_1_67' title='bbox 105 797 162 838; x_wconf 86' lang='lat' dir='ltr'>ad</span> <span class='ocrx_word' id='word_1_68' title='bbox 195 797 275 837; x_wconf 89' lang='lat' dir='ltr'>Dei</span> <span class='ocrx_word' id='word_1_69' title='bbox 310 797 596 848; x_wconf 75' lang='lat' dir='ltr'>ecclesieque</span> <span class='ocrx_word' id='word_1_70' title='bbox 630 809 712 838; x_wconf 88' lang='lat' dir='ltr'>sue</span> <span class='ocrx_word' id='word_1_71' title='bbox 746 800 790 838; x_wconf 89' lang='lat' dir='ltr'>et</span> <span class='ocrx_word' id='word_1_72' title='bbox 826 797 995 838; x_wconf 89' lang='lat' dir='ltr'>domini</span> <span class='ocrx_word' id='word_1_73' title='bbox 1030 797 1180 837; x_wconf 93' lang='lat' dir='ltr'>nostri</span> <span class='ocrx_word' id='word_1_74' title='bbox 1217 798 1462 838; x_wconf 76' lang='lat' dir='ltr'>servicium</span> <span class='ocrx_word' id='word_1_75' title='bbox 1490 810 1569 848; x_wconf 82' lang='lat' dir='ltr'>per</span> <span class='ocrx_word' id='word_1_76' title='bbox 1600 800 1876 840; x_wconf 75' lang='lat' dir='ltr'>relacionem</span> 
     </span>
     <span class='ocr_line' id='line_1_10' title="bbox 103 867 1880 920; baseline 0.002 -13"><span class='ocrx_word' id='word_1_77' title='bbox 103 868 213 909; x_wconf 87' lang='lat' dir='ltr'>dicti</span> <span class='ocrx_word' id='word_1_78' title='bbox 248 868 446 908; x_wconf 88' lang='lat' dir='ltr'>ministri</span> <span class='ocrx_word' id='word_1_79' title='bbox 481 869 711 919; x_wconf 85' lang='lat' dir='ltr'>generalis</span> <span class='ocrx_word' id='word_1_80' title='bbox 745 880 836 908; x_wconf 92' lang='lat' dir='ltr'>non</span> <span class='ocrx_word' id='word_1_81' title='bbox 871 868 1102 908; x_wconf 86' lang='lat' dir='ltr'>modicum</span> <span class='ocrx_word' id='word_1_82' title='bbox 1138 867 1222 908; x_wconf 90' lang='lat' dir='ltr'>suit</span> <span class='ocrx_word' id='word_1_83' title='bbox 1260 869 1546 909; x_wconf 77' lang='lat' dir='ltr'>consolatus.</span> <span class='ocrx_word' id='word_1_84' title='bbox 1582 883 1635 909; x_wconf 71' lang='lat' dir='ltr'>ex</span> <span class='ocrx_word' id='word_1_85' title='bbox 1668 870 1880 920; x_wconf 76' lang='lat' dir='ltr'>quibus²¹)</span> 
     </span>
     <span class='ocr_line' id='line_1_11' title="bbox 103 939 1879 989; baseline 0.002 -11"><span class='ocrx_word' id='word_1_86' title='bbox 103 939 317 980; x_wconf 89' lang='lat' dir='ltr'>dominus</span> <span class='ocrx_word' id='word_1_87' title='bbox 350 942 513 979; x_wconf 86' lang='lat' dir='ltr'>noster</span> <span class='ocrx_word' id='word_1_88' title='bbox 546 939 691 979; x_wconf 89' lang='lat' dir='ltr'>eidem</span> <span class='ocrx_word' id='word_1_89' title='bbox 728 939 1019 989; x_wconf 78' lang='lat' dir='ltr'>regraciatur</span> <span class='ocrx_word' id='word_1_90' title='bbox 1052 951 1186 989; x_wconf 84' lang='lat' dir='ltr'>quam</span> <span class='ocrx_word' id='word_1_91' title='bbox 1225 939 1484 989; x_wconf 87' lang='lat' dir='ltr'>plurimum.</span> <span class='ocrx_word' id='word_1_92' title='bbox 1518 940 1559 979; x_wconf 91' lang='grc'>111</span> <span class='ocrx_word' id='word_1_93' title='bbox 1597 941 1748 980; x_wconf 76' lang='grc'>1111561</span> <span class='ocrx_word' id='word_1_94' title='bbox 1779 942 1879 981; x_wconf 86' lang='lat' dir='ltr'>aliis</span> 
     </span>
     <span class='ocr_line' id='line_1_12' title="bbox 104 1009 1039 1060; baseline 0 -10"><span class='ocrx_word' id='word_1_95' title='bbox 104 1009 159 1050; x_wconf 88' lang='lat' dir='ltr'>de</span> <span class='ocrx_word' id='word_1_96' title='bbox 192 1010 293 1060; x_wconf 92' lang='lat' dir='ltr'>ipso</span> <span class='ocrx_word' id='word_1_97' title='bbox 326 1021 494 1060; x_wconf 90' lang='lat' dir='ltr'>gerens</span> <span class='ocrx_word' id='word_1_98' title='bbox 527 1010 739 1051; x_wconf 88' lang='lat' dir='ltr'>fiduciam</span> <span class='ocrx_word' id='word_1_99' title='bbox 777 1010 1039 1060; x_wconf 79' lang='lat' dir='ltr'>specialem.</span> 
     </span>
    </p>
   </div>
   <div class='ocr_carea' id='block_1_4' title="bbox 103 1092 1884 1701">
    <p class='ocr_par' dir='ltr' id='par_1_5' title="bbox 103 1092 1884 1701">
     <span class='ocr_line' id='line_1_13' title="bbox 222 1092 1881 1144; baseline 0.001 -12"><span class='ocrx_word' id='word_1_100' title='bbox 222 1092 517 1143; x_wconf 69' lang='lat' dir='ltr'>Diceturque,</span> <span class='ocrx_word' id='word_1_101' title='bbox 553 1093 688 1144; x_wconf 80' lang='lat' dir='ltr'>quod,</span> <span class='ocrx_word' id='word_1_102' title='bbox 722 1093 831 1133; x_wconf 86' lang='lat' dir='ltr'>licet</span> <span class='ocrx_word' id='word_1_103' title='bbox 863 1104 953 1134; x_wconf 93' lang='lat' dir='ltr'>non</span> <span class='ocrx_word' id='word_1_104' title='bbox 988 1092 1128 1134; x_wconf 85' lang='lat' dir='ltr'>fuerit</span> <span class='ocrx_word' id='word_1_105' title='bbox 1159 1093 1306 1133; x_wconf 86' lang='lat' dir='ltr'>visum</span> <span class='ocrx_word' id='word_1_106' title='bbox 1334 1093 1559 1134; x_wconf 83' lang='lat' dir='ltr'>declarari</span> <span class='ocrx_word' id='word_1_107' title='bbox 1595 1094 1792 1134; x_wconf 88' lang='lat' dir='ltr'>dominis</span> <span class='ocrx_word' id='word_1_108' title='bbox 1827 1095 1881 1135; x_wconf 87' lang='lat' dir='ltr'>de</span> 
     </span>
     <span class='ocr_line' id='line_1_14' title="bbox 105 1150 1879 1215; baseline 0.002 -13"><span class='ocrx_word' id='word_1_109' title='bbox 105 1163 302 1204; x_wconf 83' lang='lat' dir='ltr'>Francia</span> <span class='ocrx_word' id='word_1_110' title='bbox 337 1150 559 1204; x_wconf 75' lang='lat' dir='ltr'>contenta</span> <span class='ocrx_word' id='word_1_111' title='bbox 592 1164 635 1203; x_wconf 92' lang='lat' dir='ltr'>in</span> <span class='ocrx_word' id='word_1_112' title='bbox 679 1163 1067 1204; x_wconf 73' lang='lat' dir='ltr'>instructionibus</span> <span class='ocrx_word' id='word_1_113' title='bbox 1103 1164 1226 1204; x_wconf 85' lang='lat' dir='ltr'>datis</span> <span class='ocrx_word' id='word_1_114' title='bbox 1261 1176 1341 1215; x_wconf 88' lang='lat' dir='ltr'>per</span> <span class='ocrx_word' id='word_1_115' title='bbox 1386 1165 1621 1205; x_wconf 89' lang='lat' dir='ltr'>dominum</span> <span class='ocrx_word' id='word_1_116' title='bbox 1667 1168 1879 1206; x_wconf 84' lang='lat' dir='ltr'>nostrum</span> 
     </span>
     <span class='ocr_line' id='line_1_15' title="bbox 105 1235 1882 1286; baseline 0.001 -12"><span class='ocrx_word' id='word_1_117' title='bbox 105 1235 312 1286; x_wconf 90' lang='lat' dir='ltr'>predicto</span> <span class='ocrx_word' id='word_1_118' title='bbox 368 1235 581 1275; x_wconf 90' lang='lat' dir='ltr'>ministro</span> <span class='ocrx_word' id='word_1_119' title='bbox 635 1235 858 1286; x_wconf 69' lang='lat' dir='ltr'>generali,</span> <span class='ocrx_word' id='word_1_120' title='bbox 925 1238 1080 1275; x_wconf 89' lang='lat' dir='ltr'>tamen</span> <span class='ocrx_word' id='word_1_121' title='bbox 1137 1236 1330 1276; x_wconf 89' lang='lat' dir='ltr'>multum</span> <span class='ocrx_word' id='word_1_122' title='bbox 1388 1236 1639 1286; x_wconf 79' lang='lat' dir='ltr'>placuisset</span> <span class='ocrx_word' id='word_1_123' title='bbox 1695 1236 1882 1277; x_wconf 92' lang='lat' dir='ltr'>domino</span> 
     </span>
     <span class='ocr_line' id='line_1_16' title="bbox 103 1305 1882 1357; baseline 0.001 -12"><span class='ocrx_word' id='word_1_124' title='bbox 103 1308 283 1356; x_wconf 62' lang='lat' dir='ltr'>nostro„</span> <span class='ocrx_word' id='word_1_125' title='bbox 333 1306 454 1356; x_wconf 90' lang='lat' dir='ltr'>quod</span> <span class='ocrx_word' id='word_1_126' title='bbox 502 1306 616 1356; x_wconf 88' lang='lat' dir='ltr'>ipsis</span> <span class='ocrx_word' id='word_1_127' title='bbox 666 1306 864 1346; x_wconf 92' lang='lat' dir='ltr'>dominis</span> <span class='ocrx_word' id='word_1_128' title='bbox 899 1306 953 1346; x_wconf 82' lang='lat' dir='ltr'>de</span> <span class='ocrx_word' id='word_1_129' title='bbox 1007 1305 1200 1347; x_wconf 78' lang='lat' dir='ltr'>Francia</span> <span class='ocrx_word' id='word_1_130' title='bbox 1249 1310 1493 1357; x_wconf 86' lang='lat' dir='ltr'>appertum</span> <span class='ocrx_word' id='word_1_131' title='bbox 1543 1306 1711 1347; x_wconf 84' lang='lat' dir='ltr'>fuisset</span> <span class='ocrx_word' id='word_1_132' title='bbox 1761 1308 1882 1357; x_wconf 65' lang='grc'>1111111,</span> 
     </span>
     <span class='ocr_line' id='line_1_17' title="bbox 105 1376 1882 1428; baseline 0.001 -12"><span class='ocrx_word' id='word_1_133' title='bbox 105 1376 226 1427; x_wconf 87' lang='grc'>(111611</span> <span class='ocrx_word' id='word_1_134' title='bbox 266 1378 449 1426; x_wconf 88' lang='lat' dir='ltr'>prestat</span> <span class='ocrx_word' id='word_1_135' title='bbox 482 1377 637 1417; x_wconf 91' lang='lat' dir='ltr'>unioni</span> <span class='ocrx_word' id='word_1_136' title='bbox 682 1377 1076 1427; x_wconf 66' lang='lat' dir='ltr'>impedimentum</span> <span class='ocrx_word' id='word_1_137' title='bbox 1120 1379 1257 1428; x_wconf 89' lang='lat' dir='ltr'>prout</span> <span class='ocrx_word' id='word_1_138' title='bbox 1298 1377 1339 1417; x_wconf 91' lang='lat' dir='ltr'>in</span> <span class='ocrx_word' id='word_1_139' title='bbox 1385 1377 1522 1418; x_wconf 89' lang='lat' dir='ltr'>dictis</span> <span class='ocrx_word' id='word_1_140' title='bbox 1562 1378 1882 1418; x_wconf 89' lang='lat' dir='ltr'>instructioni-</span> 
     </span>
     <span class='ocr_line' id='line_1_18' title="bbox 104 1447 1882 1499; baseline 0.001 -12"><span class='ocrx_word' id='word_1_141' title='bbox 104 1447 190 1487; x_wconf 89' lang='lat' dir='ltr'>bus</span> <span class='ocrx_word' id='word_1_142' title='bbox 237 1447 517 1499; x_wconf 74' lang='lat' dir='ltr'>continetur,</span> <span class='ocrx_word' id='word_1_143' title='bbox 568 1450 615 1488; x_wconf 86' lang='lat' dir='ltr'>ut</span> <span class='ocrx_word' id='word_1_144' title='bbox 664 1447 878 1488; x_wconf 88' lang='lat' dir='ltr'>dominus</span> <span class='ocrx_word' id='word_1_145' title='bbox 927 1450 1089 1488; x_wconf 84' lang='lat' dir='ltr'>noster</span> <span class='ocrx_word' id='word_1_146' title='bbox 1138 1448 1368 1498; x_wconf 87' lang='lat' dir='ltr'>potuisset</span> <span class='ocrx_word' id='word_1_147' title='bbox 1421 1448 1476 1488; x_wconf 88' lang='grc'>(16</span> <span class='ocrx_word' id='word_1_148' title='bbox 1525 1461 1683 1488; x_wconf 87' lang='lat' dir='ltr'>eorum</span> <span class='ocrx_word' id='word_1_149' title='bbox 1734 1449 1882 1489; x_wconf 88' lang='lat' dir='ltr'>inten-</span> 
     </span>
     <span class='ocr_line' id='line_1_19' title="bbox 109 1518 1883 1571; baseline 0.001 -13"><span class='ocrx_word' id='word_1_150' title='bbox 109 1519 239 1559; x_wconf 90' lang='lat' dir='ltr'>cione</span> <span class='ocrx_word' id='word_1_151' title='bbox 285 1519 407 1559; x_wconf 87' lang='lat' dir='ltr'>clare</span> <span class='ocrx_word' id='word_1_152' title='bbox 454 1518 609 1559; x_wconf 84' lang='lat' dir='ltr'>videre</span> <span class='ocrx_word' id='word_1_153' title='bbox 654 1520 701 1559; x_wconf 87' lang='lat' dir='ltr'>et</span> <span class='ocrx_word' id='word_1_154' title='bbox 748 1519 990 1569; x_wconf 87' lang='lat' dir='ltr'>appercius</span> <span class='ocrx_word' id='word_1_155' title='bbox 1040 1520 1321 1570; x_wconf 82' lang='lat' dir='ltr'>respondere</span> <span class='ocrx_word' id='word_1_156' title='bbox 1368 1519 1547 1560; x_wconf 82' lang='lat' dir='ltr'>cuidam</span> <span class='ocrx_word' id='word_1_157' title='bbox 1597 1520 1754 1560; x_wconf 85' lang='lat' dir='ltr'>cedule</span> <span class='ocrx_word' id='word_1_158' title='bbox 1802 1533 1883 1571; x_wconf 89' lang='lat' dir='ltr'>pro</span> 
     </span>
     <span class='ocr_line' id='line_1_20' title="bbox 108 1589 1884 1640; baseline 0.001 -11"><span class='ocrx_word' id='word_1_159' title='bbox 108 1591 241 1640; x_wconf 85' lang='lat' dir='ltr'>parte</span> <span class='ocrx_word' id='word_1_160' title='bbox 275 1589 450 1630; x_wconf 37' lang='grc'>(11611111.</span> <span class='ocrx_word' id='word_1_161' title='bbox 476 1590 661 1630; x_wconf 84' lang='lat' dir='ltr'>comitis</span> <span class='ocrx_word' id='word_1_162' title='bbox 696 1602 776 1640; x_wconf 82' lang='lat' dir='ltr'>per</span> <span class='ocrx_word' id='word_1_163' title='bbox 809 1591 957 1640; x_wconf 89' lang='lat' dir='ltr'>ipsum</span> <span class='ocrx_word' id='word_1_164' title='bbox 992 1591 1255 1631; x_wconf 87' lang='lat' dir='ltr'>ministrum</span> <span class='ocrx_word' id='word_1_165' title='bbox 1291 1591 1554 1640; x_wconf 81' lang='lat' dir='ltr'>generalem</span> <span class='ocrx_word' id='word_1_166' title='bbox 1581 1590 1705 1631; x_wconf 85' lang='lat' dir='ltr'>dicto</span> <span class='ocrx_word' id='word_1_167' title='bbox 1740 1591 1884 1631; x_wconf 90' lang='lat' dir='ltr'>domi-</span> 
     </span>
     <span class='ocr_line' id='line_1_21' title="bbox 106 1660 568 1701; baseline 0.004 -2"><span class='ocrx_word' id='word_1_168' title='bbox 106 1672 165 1700; x_wconf 94' lang='lat' dir='ltr'>no</span> <span class='ocrx_word' id='word_1_169' title='bbox 199 1662 364 1701; x_wconf 92' lang='lat' dir='ltr'>nostro</span> <span class='ocrx_word' id='word_1_170' title='bbox 399 1660 568 1701; x_wconf 89' lang='lat' dir='ltr'>oblate.</span> 
     </span>
    </p>
   </div>
   <div class='ocr_carea' id='block_1_5' title="bbox 108 1742 1884 2996">
    <p class='ocr_par' dir='ltr' id='par_1_6' title="bbox 108 1742 1884 2996">
     <span class='ocr_line' id='line_1_22' title="bbox 227 1742 1882 1794; baseline 0.002 -12"><span class='ocrx_word' id='word_1_171' title='bbox 227 1742 399 1783; x_wconf 87' lang='lat' dir='ltr'>Verum</span> <span class='ocrx_word' id='word_1_172' title='bbox 435 1755 516 1793; x_wconf 87' lang='lat' dir='ltr'>pro</span> <span class='ocrx_word' id='word_1_173' title='bbox 552 1744 757 1793; x_wconf 90' lang='lat' dir='ltr'>presenti</span> <span class='ocrx_word' id='word_1_174' title='bbox 792 1746 1014 1794; x_wconf 89' lang='lat' dir='ltr'>quantum</span> <span class='ocrx_word' id='word_1_175' title='bbox 1053 1745 1109 1785; x_wconf 87' lang='lat' dir='ltr'>ad</span> <span class='ocrx_word' id='word_1_176' title='bbox 1143 1745 1315 1785; x_wconf 86' lang='lat' dir='ltr'>dictam</span> <span class='ocrx_word' id='word_1_177' title='bbox 1352 1745 1560 1785; x_wconf 84' lang='lat' dir='ltr'>cedulam</span> <span class='ocrx_word' id='word_1_178' title='bbox 1596 1748 1640 1786; x_wconf 90' lang='lat' dir='ltr'>et</span> <span class='ocrx_word' id='word_1_179' title='bbox 1678 1746 1734 1786; x_wconf 87' lang='lat' dir='ltr'>ad</span> <span class='ocrx_word' id='word_1_180' title='bbox 1776 1758 1882 1787; x_wconf 90' lang='lat' dir='ltr'>con-</span> 
     </span>
     <span class='ocr_line' id='line_1_23' title="bbox 108 1813 1881 1866; baseline 0.003 -14"><span class='ocrx_word' id='word_1_181' title='bbox 108 1814 243 1853; x_wconf 87' lang='lat' dir='ltr'>tenta</span> <span class='ocrx_word' id='word_1_182' title='bbox 275 1813 318 1853; x_wconf 91' lang='lat' dir='ltr'>in</span> <span class='ocrx_word' id='word_1_183' title='bbox 353 1825 407 1853; x_wconf 86' lang='lat' dir='ltr'>ea</span> <span class='ocrx_word' id='word_1_184' title='bbox 442 1814 625 1854; x_wconf 85' lang='lat' dir='ltr'>videtur</span> <span class='ocrx_word' id='word_1_185' title='bbox 649 1815 836 1855; x_wconf 89' lang='lat' dir='ltr'>domino</span> <span class='ocrx_word' id='word_1_186' title='bbox 860 1817 1039 1866; x_wconf 75' lang='grc'>1165116,</span> <span class='ocrx_word' id='word_1_187' title='bbox 1065 1815 1187 1865; x_wconf 88' lang='lat' dir='ltr'>quod</span> <span class='ocrx_word' id='word_1_188' title='bbox 1212 1815 1269 1855; x_wconf 87' lang='lat' dir='ltr'>ad</span> <span class='ocrx_word' id='word_1_189' title='bbox 1293 1815 1444 1865; x_wconf 87' lang='lat' dir='ltr'>aliqua</span> <span class='ocrx_word' id='word_1_190' title='bbox 1468 1816 1633 1856; x_wconf 86' lang='lat' dir='ltr'>ibidem</span> <span class='ocrx_word' id='word_1_191' title='bbox 1659 1819 1881 1857; x_wconf 85' lang='lat' dir='ltr'>contenta</span> 
     </span>
     <span class='ocr_line' id='line_1_24' title="bbox 109 1884 1882 1938; baseline 0.003 -15"><span class='ocrx_word' id='word_1_192' title='bbox 109 1895 189 1934; x_wconf 91' lang='lat' dir='ltr'>per</span> <span class='ocrx_word' id='word_1_193' title='bbox 222 1884 556 1925; x_wconf 85' lang='lat' dir='ltr'>instructiones</span> <span class='ocrx_word' id='word_1_194' title='bbox 601 1885 863 1926; x_wconf 85' lang='lat' dir='ltr'>antedictas</span> <span class='ocrx_word' id='word_1_195' title='bbox 907 1897 1038 1926; x_wconf 90' lang='lat' dir='ltr'>mens</span> <span class='ocrx_word' id='word_1_196' title='bbox 1073 1886 1244 1926; x_wconf 90' lang='lat' dir='ltr'>domini</span> <span class='ocrx_word' id='word_1_197' title='bbox 1287 1887 1436 1927; x_wconf 87' lang='grc'>1165111</span> <span class='ocrx_word' id='word_1_198' title='bbox 1485 1887 1606 1927; x_wconf 86' lang='lat' dir='ltr'>clare</span> <span class='ocrx_word' id='word_1_199' title='bbox 1653 1889 1882 1938; x_wconf 48' lang='lat' dir='ltr'>apperitff)</span> 
     </span>
     <span class='ocr_line' id='line_1_25' title="bbox 109 1954 1881 2009; baseline 0.002 -15"><span class='ocrx_word' id='word_1_200' title='bbox 109 1954 307 2005; x_wconf 85' lang='lat' dir='ltr'>qualiter</span> <span class='ocrx_word' id='word_1_201' title='bbox 351 1957 397 1995; x_wconf 90' lang='lat' dir='ltr'>et</span> <span class='ocrx_word' id='word_1_202' title='bbox 442 1955 516 1996; x_wconf 92' lang='lat' dir='ltr'>ubi</span> <span class='ocrx_word' id='word_1_203' title='bbox 565 1958 613 1996; x_wconf 86' lang='lat' dir='ltr'>et</span> <span class='ocrx_word' id='word_1_204' title='bbox 658 1956 890 2007; x_wconf 91' lang='lat' dir='ltr'>quomodo</span> <span class='ocrx_word' id='word_1_205' title='bbox 937 1956 1134 1997; x_wconf 89' lang='lat' dir='ltr'>sublatis</span> <span class='ocrx_word' id='word_1_206' title='bbox 1180 1957 1523 2007; x_wconf 86' lang='lat' dir='ltr'>impedimentis</span> <span class='ocrx_word' id='word_1_207' title='bbox 1570 1959 1676 1999; x_wconf 88' lang='grc'>111116</span> <span class='ocrx_word' id='word_1_208' title='bbox 1723 1961 1881 2009; x_wconf 89' lang='lat' dir='ltr'>potest</span> 
     </span>
     <span class='ocr_line' id='line_1_26' title="bbox 108 2024 1882 2079; baseline 0.002 -15"><span class='ocrx_word' id='word_1_209' title='bbox 108 2024 222 2076; x_wconf 81' lang='lat' dir='ltr'>dari,</span> <span class='ocrx_word' id='word_1_210' title='bbox 256 2026 337 2065; x_wconf 90' lang='lat' dir='ltr'>sed</span> <span class='ocrx_word' id='word_1_211' title='bbox 372 2025 497 2066; x_wconf 88' lang='lat' dir='ltr'>dicta</span> <span class='ocrx_word' id='word_1_212' title='bbox 531 2026 693 2067; x_wconf 88' lang='lat' dir='ltr'>cedula</span> <span class='ocrx_word' id='word_1_213' title='bbox 726 2027 929 2078; x_wconf 89' lang='lat' dir='ltr'>loquitur</span> <span class='ocrx_word' id='word_1_214' title='bbox 960 2028 1254 2077; x_wconf 71' lang='lat' dir='ltr'>generaliter.</span> <span class='ocrx_word' id='word_1_215' title='bbox 1321 2027 1373 2067; x_wconf 88' lang='lat' dir='ltr'>Et</span> <span class='ocrx_word' id='word_1_216' title='bbox 1411 2029 1454 2068; x_wconf 90' lang='lat' dir='ltr'>in</span> <span class='ocrx_word' id='word_1_217' title='bbox 1497 2028 1598 2079; x_wconf 88' lang='grc'>1166,</span> <span class='ocrx_word' id='word_1_218' title='bbox 1644 2029 1764 2079; x_wconf 88' lang='lat' dir='ltr'>quod</span> <span class='ocrx_word' id='word_1_219' title='bbox 1809 2041 1882 2079; x_wconf 86' lang='lat' dir='ltr'>pe-</span> 
     </span>
     <span class='ocr_line' id='line_1_27' title="bbox 109 2096 1883 2148; baseline 0.003 -13"><span class='ocrx_word' id='word_1_220' title='bbox 109 2096 225 2136; x_wconf 89' lang='lat' dir='ltr'>titur</span> <span class='ocrx_word' id='word_1_221' title='bbox 263 2096 490 2147; x_wconf 76' lang='lat' dir='ltr'>specifice,</span> <span class='ocrx_word' id='word_1_222' title='bbox 536 2098 656 2148; x_wconf 92' lang='lat' dir='ltr'>quod</span> <span class='ocrx_word' id='word_1_223' title='bbox 705 2098 919 2139; x_wconf 89' lang='lat' dir='ltr'>dominus</span> <span class='ocrx_word' id='word_1_224' title='bbox 968 2101 1132 2139; x_wconf 88' lang='lat' dir='ltr'>noster</span> <span class='ocrx_word' id='word_1_225' title='bbox 1179 2099 1318 2139; x_wconf 84' lang='lat' dir='ltr'>vellet</span> <span class='ocrx_word' id='word_1_226' title='bbox 1367 2099 1431 2138; x_wconf 84' lang='lat' dir='ltr'>ire</span> <span class='ocrx_word' id='word_1_227' title='bbox 1483 2100 1750 2147; x_wconf 77' lang='lat' dir='ltr'>Lugdunum</span> <span class='ocrx_word' id='word_1_228' title='bbox 1803 2102 1883 2140; x_wconf 87' lang='lat' dir='ltr'>aut</span> 
     </span>
     <span class='ocr_line' id='line_1_28' title="bbox 113 2166 1880 2220; baseline 0.002 -14"><span class='ocrx_word' id='word_1_229' title='bbox 113 2166 338 2207; x_wconf 83' lang='lat' dir='ltr'>Viannam</span> <span class='ocrx_word' id='word_1_230' title='bbox 389 2167 473 2208; x_wconf 90' lang='lat' dir='ltr'>sub</span> <span class='ocrx_word' id='word_1_231' title='bbox 527 2169 818 2219; x_wconf 83' lang='lat' dir='ltr'>protectione</span> <span class='ocrx_word' id='word_1_232' title='bbox 866 2169 907 2209; x_wconf 89' lang='lat' dir='ltr'>d.</span> <span class='ocrx_word' id='word_1_233' title='bbox 953 2169 1251 2220; x_wconf 86' lang='lat' dir='ltr'>imperatoris</span> <span class='ocrx_word' id='word_1_234' title='bbox 1298 2172 1345 2210; x_wconf 87' lang='lat' dir='ltr'>et</span> <span class='ocrx_word' id='word_1_235' title='bbox 1391 2182 1550 2220; x_wconf 86' lang='lat' dir='ltr'>regum</span> <span class='ocrx_word' id='word_1_236' title='bbox 1596 2170 1788 2211; x_wconf 72' lang='lat' dir='ltr'>Francie</span> <span class='ocrx_word' id='word_1_237' title='bbox 1837 2173 1880 2210; x_wconf 86' lang='lat' dir='ltr'>et</span> 
     </span>
     <span class='ocr_line' id='line_1_29' title="bbox 110 2236 1882 2291; baseline 0.003 -15"><span class='ocrx_word' id='word_1_238' title='bbox 110 2236 381 2287; x_wconf 85' lang='lat' dir='ltr'>Aragonum</span> <span class='ocrx_word' id='word_1_239' title='bbox 414 2238 565 2289; x_wconf 89' lang='lat' dir='ltr'>ibique</span> <span class='ocrx_word' id='word_1_240' title='bbox 600 2240 842 2280; x_wconf 89' lang='lat' dir='ltr'>concilium</span> <span class='ocrx_word' id='word_1_241' title='bbox 877 2241 1026 2290; x_wconf 85' lang='lat' dir='ltr'>partis</span> <span class='ocrx_word' id='word_1_242' title='bbox 1061 2252 1143 2280; x_wconf 90' lang='lat' dir='ltr'>sue</span> <span class='ocrx_word' id='word_1_243' title='bbox 1184 2252 1484 2291; x_wconf 73' lang='lat' dir='ltr'>congregare,</span> <span class='ocrx_word' id='word_1_244' title='bbox 1529 2241 1751 2291; x_wconf 86' lang='lat' dir='ltr'>antipapa</span> <span class='ocrx_word' id='word_1_245' title='bbox 1797 2241 1882 2281; x_wconf 88' lang='lat' dir='ltr'>hoc</span> 
     </span>
     <span class='ocr_line' id='line_1_30' title="bbox 109 2307 1882 2361; baseline 0.003 -15"><span class='ocrx_word' id='word_1_246' title='bbox 109 2307 228 2347; x_wconf 89' lang='lat' dir='ltr'>idem</span> <span class='ocrx_word' id='word_1_247' title='bbox 263 2307 478 2359; x_wconf 70' lang='lat' dir='ltr'>faciente,</span> <span class='ocrx_word' id='word_1_248' title='bbox 511 2311 559 2349; x_wconf 85' lang='lat' dir='ltr'>et</span> <span class='ocrx_word' id='word_1_249' title='bbox 593 2310 948 2360; x_wconf 77' lang='lat' dir='ltr'>congregacioni</span> <span class='ocrx_word' id='word_1_250' title='bbox 985 2313 1197 2361; x_wconf 87' lang='lat' dir='ltr'>prestare</span> <span class='ocrx_word' id='word_1_251' title='bbox 1233 2312 1581 2359; x_wconf 74' lang='lat' dir='ltr'>auctoritatem,</span> <span class='ocrx_word' id='word_1_252' title='bbox 1607 2313 1765 2361; x_wconf 88' lang='lat' dir='ltr'>potest</span> <span class='ocrx_word' id='word_1_253' title='bbox 1795 2311 1882 2351; x_wconf 89' lang='lat' dir='ltr'>dici</span> 
     </span>
     <span class='ocr_line' id='line_1_31' title="bbox 110 2377 1883 2431; baseline 0.003 -14"><span class='ocrx_word' id='word_1_254' title='bbox 110 2377 255 2418; x_wconf 84' lang='lat' dir='ltr'>eidem</span> <span class='ocrx_word' id='word_1_255' title='bbox 291 2378 331 2418; x_wconf 94' lang='lat' dir='ltr'>d.</span> <span class='ocrx_word' id='word_1_256' title='bbox 367 2380 539 2431; x_wconf 75' lang='lat' dir='ltr'>comiti,</span> <span class='ocrx_word' id='word_1_257' title='bbox 573 2380 693 2430; x_wconf 93' lang='lat' dir='ltr'>quod</span> <span class='ocrx_word' id='word_1_258' title='bbox 728 2380 914 2421; x_wconf 91' lang='lat' dir='ltr'>domino</span> <span class='ocrx_word' id='word_1_259' title='bbox 947 2384 1112 2421; x_wconf 86' lang='lat' dir='ltr'>nostro</span> <span class='ocrx_word' id='word_1_260' title='bbox 1146 2382 1331 2421; x_wconf 74' lang='lat' dir='ltr'>videtur</span> <span class='ocrx_word' id='word_1_261' title='bbox 1364 2381 1665 2431; x_wconf 85' lang='lat' dir='ltr'>impossibilis</span> <span class='ocrx_word' id='word_1_262' title='bbox 1698 2381 1752 2421; x_wconf 87' lang='lat' dir='ltr'>de</span> <span class='ocrx_word' id='word_1_263' title='bbox 1787 2382 1883 2421; x_wconf 87' lang='lat' dir='ltr'>iure</span> 
     </span>
     <span class='ocr_line' id='line_1_32' title="bbox 111 2448 1884 2503; baseline 0.003 -16"><span class='ocrx_word' id='word_1_264' title='bbox 111 2448 220 2487; x_wconf 83' lang='lat' dir='ltr'>talis</span> <span class='ocrx_word' id='word_1_265' title='bbox 253 2449 536 2500; x_wconf 62' lang='lat' dir='ltr'>commixtio„</span> <span class='ocrx_word' id='word_1_266' title='bbox 572 2463 673 2490; x_wconf 84' lang='lat' dir='ltr'>cum</span> <span class='ocrx_word' id='word_1_267' title='bbox 711 2464 735 2490; x_wconf 88' lang='lat' dir='ltr'>a</span> <span class='ocrx_word' id='word_1_268' title='bbox 770 2451 866 2491; x_wconf 89' lang='lat' dir='ltr'>iure</span> <span class='ocrx_word' id='word_1_269' title='bbox 900 2451 1054 2491; x_wconf 86' lang='lat' dir='ltr'>(livino</span> <span class='ocrx_word' id='word_1_270' title='bbox 1089 2452 1265 2501; x_wconf 89' lang='lat' dir='ltr'>pariter</span> <span class='ocrx_word' id='word_1_271' title='bbox 1288 2454 1331 2491; x_wconf 87' lang='lat' dir='ltr'>et</span> <span class='ocrx_word' id='word_1_272' title='bbox 1368 2452 1570 2492; x_wconf 88' lang='lat' dir='ltr'>humano</span> <span class='ocrx_word' id='word_1_273' title='bbox 1595 2452 1884 2503; x_wconf 74' lang='lat' dir='ltr'>reprobetur,</span> 
     </span>
     <span class='ocr_line' id='line_1_33' title="bbox 112 2517 1883 2572; baseline 0.002 -15"><span class='ocrx_word' id='word_1_274' title='bbox 112 2520 155 2558; x_wconf 91' lang='lat' dir='ltr'>et</span> <span class='ocrx_word' id='word_1_275' title='bbox 190 2517 345 2558; x_wconf 80' lang='lat' dir='ltr'>future</span> <span class='ocrx_word' id='word_1_276' title='bbox 378 2520 532 2559; x_wconf 85' lang='lat' dir='ltr'>unioni</span> <span class='ocrx_word' id='word_1_277' title='bbox 567 2520 761 2560; x_wconf 86' lang='lat' dir='ltr'>ecclesie</span> <span class='ocrx_word' id='word_1_278' title='bbox 796 2523 1032 2571; x_wconf 87' lang='lat' dir='ltr'>prestaret</span> <span class='ocrx_word' id='word_1_279' title='bbox 1064 2533 1155 2561; x_wconf 94' lang='lat' dir='ltr'>non</span> <span class='ocrx_word' id='word_1_280' title='bbox 1190 2522 1434 2572; x_wconf 74' lang='lat' dir='ltr'>modicum,</span> <span class='ocrx_word' id='word_1_281' title='bbox 1478 2533 1586 2572; x_wconf 91' lang='lat' dir='ltr'>ymo</span> <span class='ocrx_word' id='word_1_282' title='bbox 1627 2521 1749 2562; x_wconf 87' lang='lat' dir='ltr'>forte</span> <span class='ocrx_word' id='word_1_283' title='bbox 1784 2534 1883 2572; x_wconf 87' lang='lat' dir='ltr'>per-</span> 
     </span>
     <span class='ocr_line' id='line_1_34' title="bbox 112 2590 1884 2642; baseline 0.003 -15"><span class='ocrx_word' id='word_1_284' title='bbox 112 2590 315 2639; x_wconf 73' lang='lat' dir='ltr'>petuum,</span> <span class='ocrx_word' id='word_1_285' title='bbox 350 2590 471 2639; x_wconf 89' lang='lat' dir='ltr'>quod</span> <span class='ocrx_word' id='word_1_286' title='bbox 505 2590 628 2630; x_wconf 90' lang='lat' dir='ltr'>Deus</span> <span class='ocrx_word' id='word_1_287' title='bbox 675 2593 876 2642; x_wconf 77' lang='lat' dir='ltr'>avertat,</span> <span class='ocrx_word' id='word_1_288' title='bbox 910 2591 1306 2642; x_wconf 86' lang='lat' dir='ltr'>impedimentum.</span> <span class='ocrx_word' id='word_1_289' title='bbox 1372 2592 1427 2633; x_wconf 86' lang='lat' dir='ltr'>Et</span> <span class='ocrx_word' id='word_1_290' title='bbox 1472 2593 1618 2633; x_wconf 85' lang='lat' dir='ltr'>eciam</span> <span class='ocrx_word' id='word_1_291' title='bbox 1666 2593 1709 2632; x_wconf 91' lang='lat' dir='ltr'>in</span> <span class='ocrx_word' id='word_1_292' title='bbox 1756 2592 1884 2633; x_wconf 87' lang='lat' dir='ltr'>sacto</span> 
     </span>
     <span class='ocr_line' id='line_1_35' title="bbox 110 2659 1884 2715; baseline 0.003 -17"><span class='ocrx_word' id='word_1_293' title='bbox 110 2670 202 2699; x_wconf 89' lang='lat' dir='ltr'>non</span> <span class='ocrx_word' id='word_1_294' title='bbox 238 2659 420 2700; x_wconf 84' lang='lat' dir='ltr'>videtur</span> <span class='ocrx_word' id='word_1_295' title='bbox 454 2660 688 2710; x_wconf 88' lang='lat' dir='ltr'>possibilis</span> <span class='ocrx_word' id='word_1_296' title='bbox 723 2664 912 2712; x_wconf 88' lang='lat' dir='ltr'>propter</span> <span class='ocrx_word' id='word_1_297' title='bbox 957 2662 1207 2702; x_wconf 84' lang='lat' dir='ltr'>deffectum</span> <span class='ocrx_word' id='word_1_298' title='bbox 1242 2664 1512 2704; x_wconf 79' lang='lat' dir='ltr'>securitatis</span> <span class='ocrx_word' id='word_1_299' title='bbox 1558 2666 1605 2703; x_wconf 82' lang='lat' dir='ltr'>et</span> <span class='ocrx_word' id='word_1_300' title='bbox 1639 2663 1884 2715; x_wconf 85' lang='lat' dir='ltr'>libertatis,</span> 
     </span>
     <span class='ocr_line' id='line_1_36' title="bbox 112 2732 1883 2786; baseline 0.003 -17"><span class='ocrx_word' id='word_1_301' title='bbox 112 2740 198 2780; x_wconf 88' lang='lat' dir='ltr'>que</span> <span class='ocrx_word' id='word_1_302' title='bbox 233 2733 341 2770; x_wconf 90' lang='lat' dir='ltr'>sunt</span> <span class='ocrx_word' id='word_1_303' title='bbox 374 2732 639 2771; x_wconf 90' lang='lat' dir='ltr'>necessarie</span> <span class='ocrx_word' id='word_1_304' title='bbox 672 2743 763 2772; x_wconf 92' lang='lat' dir='ltr'>non</span> <span class='ocrx_word' id='word_1_305' title='bbox 806 2733 954 2772; x_wconf 90' lang='lat' dir='ltr'>solum</span> <span class='ocrx_word' id='word_1_306' title='bbox 1003 2733 1190 2773; x_wconf 84' lang='lat' dir='ltr'>realiter</span> <span class='ocrx_word' id='word_1_307' title='bbox 1235 2736 1279 2773; x_wconf 86' lang='lat' dir='ltr'>et</span> <span class='ocrx_word' id='word_1_308' title='bbox 1328 2734 1382 2773; x_wconf 83' lang='lat' dir='ltr'>de</span> <span class='ocrx_word' id='word_1_309' title='bbox 1428 2734 1571 2786; x_wconf 75' lang='lat' dir='ltr'>facto,</span> <span class='ocrx_word' id='word_1_310' title='bbox 1618 2738 1691 2775; x_wconf 88' lang='lat' dir='ltr'>set</span> <span class='ocrx_word' id='word_1_311' title='bbox 1737 2735 1883 2775; x_wconf 86' lang='lat' dir='ltr'>eciam</span> 
     </span>
     <span class='ocr_line' id='line_1_37' title="bbox 113 2800 1883 2856; baseline 0.003 -16"><span class='ocrx_word' id='word_1_312' title='bbox 113 2811 202 2850; x_wconf 89' lang='lat' dir='ltr'>quo</span> <span class='ocrx_word' id='word_1_313' title='bbox 237 2800 295 2841; x_wconf 92' lang='lat' dir='ltr'>ad</span> <span class='ocrx_word' id='word_1_314' title='bbox 329 2801 531 2842; x_wconf 90' lang='lat' dir='ltr'>omnium</span> <span class='ocrx_word' id='word_1_315' title='bbox 558 2802 862 2853; x_wconf 74' lang='lat' dir='ltr'>oppinionem‚</span> <span class='ocrx_word' id='word_1_316' title='bbox 886 2815 943 2842; x_wconf 92' lang='lat' dir='ltr'>ne</span> <span class='ocrx_word' id='word_1_317' title='bbox 968 2807 1162 2853; x_wconf 84' lang='lat' dir='ltr'>possent</span> <span class='ocrx_word' id='word_1_318' title='bbox 1187 2804 1231 2844; x_wconf 92' lang='lat' dir='ltr'>in</span> <span class='ocrx_word' id='word_1_319' title='bbox 1254 2804 1463 2845; x_wconf 87' lang='lat' dir='ltr'>futurum</span> <span class='ocrx_word' id='word_1_320' title='bbox 1489 2806 1625 2856; x_wconf 90' lang='lat' dir='ltr'>aliqui</span> <span class='ocrx_word' id='word_1_321' title='bbox 1650 2806 1883 2846; x_wconf 87' lang='lat' dir='ltr'>defectum</span> 
     </span>
     <span class='ocr_line' id='line_1_38' title="bbox 114 2869 1884 2926; baseline 0.003 -16"><span class='ocrx_word' id='word_1_322' title='bbox 114 2869 344 2911; x_wconf 83' lang='lat' dir='ltr'>libertatis</span> <span class='ocrx_word' id='word_1_323' title='bbox 379 2874 426 2912; x_wconf 88' lang='lat' dir='ltr'>et</span> <span class='ocrx_word' id='word_1_324' title='bbox 459 2872 729 2913; x_wconf 87' lang='lat' dir='ltr'>securitatis</span> <span class='ocrx_word' id='word_1_325' title='bbox 779 2874 1110 2923; x_wconf 88' lang='lat' dir='ltr'>pretendentes</span> <span class='ocrx_word' id='word_1_326' title='bbox 1159 2875 1339 2925; x_wconf 85' lang='lat' dir='ltr'>agenda</span> <span class='ocrx_word' id='word_1_327' title='bbox 1385 2876 1550 2916; x_wconf 88' lang='lat' dir='ltr'>ibidem</span> <span class='ocrx_word' id='word_1_328' title='bbox 1596 2876 1884 2926; x_wconf 70' lang='lat' dir='ltr'>impugnare,</span> 
     </span>
     <span class='ocr_line' id='line_1_39' title="bbox 113 2941 1884 2996; baseline 0.002 -15"><span class='ocrx_word' id='word_1_329' title='bbox 113 2952 169 2980; x_wconf 87' lang='lat' dir='ltr'>ex</span> <span class='ocrx_word' id='word_1_330' title='bbox 212 2941 376 2991; x_wconf 90' lang='lat' dir='ltr'>quibus</span> <span class='ocrx_word' id='word_1_331' title='bbox 418 2942 607 2983; x_wconf 89' lang='lat' dir='ltr'>hereses</span> <span class='ocrx_word' id='word_1_332' title='bbox 642 2945 685 2983; x_wconf 88' lang='lat' dir='ltr'>et</span> <span class='ocrx_word' id='word_1_333' title='bbox 731 2955 914 2984; x_wconf 89' lang='lat' dir='ltr'>errores</span> <span class='ocrx_word' id='word_1_334' title='bbox 960 2944 1160 2985; x_wconf 82' lang='lat' dir='ltr'>faciliter</span> <span class='ocrx_word' id='word_1_335' title='bbox 1202 2945 1245 2985; x_wconf 88' lang='lat' dir='ltr'>in</span> <span class='ocrx_word' id='word_1_336' title='bbox 1279 2946 1360 2986; x_wconf 91' lang='lat' dir='ltr'>Dei</span> <span class='ocrx_word' id='word_1_337' title='bbox 1404 2947 1601 2987; x_wconf 87' lang='lat' dir='ltr'>ecclesia</span> <span class='ocrx_word' id='word_1_338' title='bbox 1643 2948 1884 2996; x_wconf 87' lang='lat' dir='ltr'>insurgere</span> 
     </span>
    </p>
   </div>
   <div class='ocr_carea' id='block_1_6' title="bbox 372 3035 463 3038">
    <p class='ocr_par' dir='ltr' id='par_1_7' title="bbox 372 3035 463 3038">
     <span class='ocr_line' id='line_1_40' title="bbox 372 3035 463 3038; baseline 0 0"><span class='ocrx_word' id='word_1_339' title='bbox 372 3035 463 3038; x_wconf 95' lang='lat' dir='ltr'> </span> 
     </span>
    </p>
   </div>
   <div class='ocr_carea' id='block_1_7' title="bbox 233 3088 423 3123">
    <p class='ocr_par' dir='ltr' id='par_1_8' title="bbox 233 3088 423 3123">
     <span class='ocr_line' id='line_1_41' title="bbox 233 3088 423 3123; baseline 0.016 -9"><span class='ocrx_word' id='word_1_340' title='bbox 233 3090 265 3121; x_wconf 86' lang='lat' dir='ltr'>a)</span> <span class='ocrx_word' id='word_1_341' title='bbox 286 3088 327 3115; x_wconf 77' lang='lat' dir='ltr'>So</span> <span class='ocrx_word' id='word_1_342' title='bbox 351 3089 423 3123; x_wconf 54' lang='grc'>1191]-</span> 
     </span>
    </p>
   </div>
  </div>
 </body>
</html>
