2178 3404
257 180 343 220 604
619 190 679 222 III.
706 189 926 222 Absehnitt.
977 188 1168 222 Benedikt
1197 188 1295 222 XIII.
1324 189 1402 221 und
1430 189 1500 222 (las
1527 189 1675 222 Konzil.

257 299 464 349 prelatos
511 300 556 339 et
593 298 709 338 alios
756 297 928 347 probos
975 297 1102 336 viros
1150 297 1395 347 sepissime
1441 298 1703 348 supplicata
1749 298 1939 339 fuerunt
1984 302 2031 340 et

259 381 397 419 super
431 369 556 409 dicto
593 368 813 408 scandalo
840 369 1051 407 exarata..
1117 370 1230 418 Quo,
1256 370 1394 418 prout
1418 379 1576 408 verum
1604 371 1692 419 est,
1716 371 2030 421 presuposito,

260 440 317 480 ad
338 439 687 481 consulendum.
712 438 1064 489 supplicandum
1089 440 1133 478 et
1160 438 1483 488 requirendum
1508 439 1681 479 dictam
1703 441 2031 491 purgacionem

258 511 437 551 faciunt
482 510 695 560 exempla
744 510 984 560 preterita.
1072 509 1203 560 Nam,
1253 511 1304 549 ut
1350 509 1517 559 legitur
1562 510 1607 549 in
1653 511 1868 563 cronicis,
1913 523 2033 561 papa

257 582 492 622 Damasus
528 581 703 631 primus
739 582 992 621 accusatus
1032 581 1087 620 de
1128 580 1355 620 adulterio
1399 591 1448 620 se
1490 592 1647 620 coram
1690 581 1885 622 concilio
1930 594 2033 632 pur-

256 653 399 703 gavit,
434 663 552 702 papa
579 651 738 691 Sixtus
772 651 946 691 tercius
981 653 1236 691 accusatus
1261 650 1315 690 de
1345 651 1534 690 crimine
1560 662 1609 691 se
1634 652 1851 702 purgavit
1876 664 2031 693 coram

259 722 467 773 concilio,
503 734 622 772 papa
648 722 861 772 Pelagius
896 722 1072 772 primus
1106 721 1371 771 inculpatus
1395 721 1449 761 de
1474 722 1609 761 exilio
1635 723 1681 762 et
1705 724 1855 763 morte
1880 722 2034 773 Vigilii

259 805 309 833 se
344 793 562 843 purgavit
597 804 752 833 coram
781 792 905 832 omni
929 792 1097 843 populo
1123 793 1262 842 atque
1296 791 1433 840 clero,
1468 804 1587 842 papa
1614 792 1702 833 Leo
1738 793 1927 844 tercius,
1964 794 2034 833 cui

260 864 453 904 crimina
478 863 846 914 opponebantur,
871 863 977 913 quia
1000 863 1152 903 nullus
1176 863 1395 902 inventus
1420 862 1505 902 fuit
1530 863 1756 913 probator
1784 864 2034 915 legitimus,

260 934 315 975 ab
351 934 547 975 obiectis
592 934 859 975 criminibus
907 945 956 974 se
990 934 1222 984 purgavit.
1286 933 1377 973 Nec
1419 935 1491 973 est
1533 945 1641 974 cure
1684 935 1931 986 presentis,
1978 947 2036 975 an

260 1006 369 1046 dicti
393 1005 590 1046 Romani
624 1004 868 1056 pontifices
902 1005 1171 1045 necessario
1208 1016 1257 1045 se
1290 1005 1609 1057 purgaverint,
1645 1017 1702 1045 an
1731 1005 2035 1057 dehonesto,

261 1077 367 1127 quia
398 1079 594 1127 utroque
638 1088 751 1116 casu
794 1075 1124 1116 inminentibus
1169 1075 1406 1125 scandalo,
1448 1075 1639 1116 infamia
1683 1078 1727 1116 et
1772 1076 2036 1127 suspicione

261 1148 482 1199 predictis
516 1148 638 1188 iuste
673 1147 1003 1197 supplicacioni
1038 1146 1153 1187 bene
1188 1149 1235 1187 et
1268 1147 1444 1186 utiliter
1484 1147 1745 1187 consulitur
1786 1149 1834 1188 et
1872 1149 2037 1188 sancte

260 1219 508 1269 requiritur
546 1218 643 1258 fieri
689 1218 733 1257 in
778 1217 981 1268 generali
1028 1217 1220 1257 concilio
1266 1217 1597 1267 purgacionem
1645 1218 1916 1268 predictam.
1980 1218 2038 1259 Et

262 1291 478 1341 maxime,
512 1289 785 1330 beatissime
819 1285 1003 1339 patersq)
1035 1289 1141 1339 quia
1176 1288 1380 1329 fautoria
1413 1289 1661 1329 inveterati
1708 1289 1947 1330 scismatis
1991 1291 2038 1329 et

261 1363 471 1404 turbacio
506 1361 688 1402 unionis
722 1360 917 1401 ecclesie
952 1360 1010 1401 ad
1032 1360 1169 1400 fidem
1204 1360 1435 1410 pertinere
1461 1357 1727 1411 videntur.1)
1790 1361 1906 1401 Nam
1939 1360 2038 1400 sive

262 1435 305 1474 in
340 1434 426 1474 loci
463 1432 710 1473 discordia.
746 1432 844 1471 sive
878 1432 923 1471 in
958 1432 1047 1471 alia
1081 1431 1247 1482 quavis
1282 1431 1530 1472 occasione
1571 1433 1837 1483 causentur,
1878 1431 2037 1471 ledunt

263 1505 517 1546 secundum
551 1504 804 1544 multorum
840 1503 1128 1543 sentenciam
1164 1502 1409 1542 articulum
1444 1501 1548 1542 fidei
1581 1504 1627 1542 et
1654 1504 1833 1543 statum
1857 1502 2039 1543 univer-

263 1576 374 1617 salis
409 1575 604 1616 ecclesie
638 1576 915 1625 pervertunt
948 1574 1138 1615 nimium
1174 1576 1314 1625 atque
1348 1573 1639 1625 perturbant.

380 1647 451 1687 Ad
486 1646 681 1687 tercium
706 1646 855 1686 denuo
880 1646 1137 1694 venientes,
1171 1645 1387 1686 videlicet
1414 1645 1471 1686 ad
1500 1645 1892 1696 protestaciones,
1924 1656 2040 1695 quas

264 1719 502 1769 sepedicta
527 1717 687 1759 cedula
711 1718 756 1757 in
786 1717 855 1757 sui
880 1716 968 1757 fine
1003 1716 1254 1769 subiungit,
1280 1717 1475 1757 credunt
1499 1717 1610 1758 dicti
1635 1716 1895 1757 cardinales
1919 1716 2041 1757 dicte

264 1789 534 1830 sanctitatis
572 1789 731 1828 humili
770 1788 1039 1828 reverencia
1074 1800 1259 1838 semper
1302 1788 1448 1838 salva,
1493 1787 1577 1827 sibi
1618 1789 1666 1828 et
1709 1787 1810 1828 aliis
1852 1787 2040 1828 licuisse

263 1862 334 1902 ius
371 1860 650 1901 universalis
684 1859 879 1899 ecclesie
915 1862 1055 1910 atque
1092 1871 1225 1899 suum
1269 1859 1450 1899 illesum
1491 1860 1536 1899 et
1577 1858 1802 1898 illibatum
1850 1869 2040 1898 servare

263 1934 307 1972 et
343 1943 424 1982 per
458 1943 750 1981 consequens
783 1931 850 1971 uti
886 1930 1251 1980 protestacionis
1285 1930 1504 1979 remedio,
1542 1929 1663 1980 quod
1698 1929 1755 1970 ad
1790 1940 2040 1969 conserva—

264 2004 443 2044 cionem
479 2003 590 2043 iuris
625 2004 696 2042 est
733 2002 1049 2042 adiumentum
1085 2004 1182 2041 tam
1218 2013 1299 2051 per
1334 2013 1497 2042 sacros
1539 2012 1742 2041 canones
1783 2012 1921 2051 quam
1962 2011 2043 2050 per

263 2074 391 2124 leges
426 2073 598 2113 civiles.
662 2073 718 2113 Et
759 2072 986 2123 quamvis.
1030 2072 1302 2113 beatissime
1336 2073 1483 2123 pater,
1524 2083 1605 2122 per
1645 2071 1793 2122 capud
1833 2070 2041 2111 membra

266 2145 475 2194 corporis
515 2144 844 2195 gubernentur,
884 2146 934 2184 ut
974 2146 1136 2184 vestra
1180 2144 1324 2193 inquit
1368 2143 1629 2193 responsio,
1673 2153 1834 2182 verum
1869 2143 2041 2192 tamen,

265 2215 389 2255 dicta
423 2215 580 2254 humili
616 2215 885 2254 reverencia
915 2216 1151 2265 preeunte,
1187 2214 1379 2254 credunt
1415 2213 1523 2253 dicti
1559 2212 1820 2253 cardinales
1854 2212 2042 2252 nichilo-

266 2286 416 2325 minus
451 2297 557 2325 esse
597 2296 774 2336 verum,
810 2285 931 2336 quod
970 2285 1210 2325 verisimili
1251 2286 1500 2325 occurente
1541 2284 1707 2325 timore
1748 2283 1803 2323 de
1848 2282 2039 2323 subver-

267 2357 397 2397 sione
439 2357 597 2396 status
642 2356 922 2397 universalis
963 2356 1158 2396 ecclesie
1203 2368 1296 2396 non
1342 2355 1597 2406 denegetur
1640 2355 1776 2395 dictis
1821 2353 2043 2395 membris

265 2428 630 2478 protestacionis
670 2427 924 2468 remedium
964 2427 1213 2468 honestum
1248 2427 1406 2477 utique
1441 2428 1579 2476 atque
1619 2426 1808 2475 iustum,
1849 2436 1950 2466 cum
1998 2425 2042 2464 in

267 2510 393 2547 casu,
428 2499 503 2549 qui
538 2499 655 2539 satis
681 2499 738 2539 ad
772 2499 1063 2549 propositum
1099 2498 1365 2548 adoptatur.
1401 2508 1538 2537 sacra
1563 2497 1795 2547 scriptura
1824 2495 2040 2545 affirmet,

267 2569 387 2619 quod
412 2569 582 2609 Paulus
613 2570 657 2609 in
692 2569 859 2610 faciem
885 2570 1061 2610 restitit
1085 2569 1236 2620 Petro,
1272 2569 1391 2610 unde
1416 2569 1537 2608 sicut
1560 2568 1604 2608 in
1628 2567 1795 2609 faciem
1819 2567 2042 2608 resistere

266 2640 407 2691 licuit,
454 2640 663 2681 licuisset
712 2640 870 2691 utique
915 2641 1185 2692 protestari,
1232 2642 1279 2680 et
1324 2640 1430 2690 quia
1479 2639 1632 2679 dictos
1679 2637 1938 2679 cardinales
1984 2636 2042 2677 ad

267 2710 528 2751 doctrinam
564 2711 715 2752 sancti
751 2710 971 2751 Bernardi
1006 2711 1240 2752 sanctitas
1274 2713 1436 2751 vestra
1475 2709 1688 2760 remittit,
1723 2720 1827 2749 cum
1867 2710 2042 2758 quanta

213 2808 219 2810 -
266 2782 466 2831 possunt
503 2781 779 2833 humilitate,
820 2782 1142 2832 regraciantur
1183 2784 1343 2822 vestre
1386 2780 1648 2821 clemencie.
1712 2779 1880 2819 Ibidem
1922 2778 2042 2818 enim

268 2852 415 2893 multa
450 2853 625 2902 scripta
665 2855 786 2899 sunt,
834 2865 920 2903 que
967 2854 1024 2893 ad
1069 2853 1275 2904 ipsorum
1321 2854 1537 2903 spectant
1581 2850 1799 2901 officium,
1845 2852 1892 2890 et
1925 2850 2045 2889 inter

269 2926 441 2964 cetera.
485 2923 606 2974 quod
640 2925 732 2965 sint
768 2924 1026 2965 concordes
1061 2924 1119 2965 ad
1153 2935 1315 2974 pacem
1345 2925 1392 2964 et
1426 2923 1483 2963 ad
1512 2922 1740 2963 unitatem
1776 2920 2042 2962 conformes

387 3040 417 3069 a)
438 3037 594 3071 Hagsncdd
618 3041 732 3063 vestra
756 3037 950 3063 sanctitate.

390 3098 412 3144 ¹)
440 3099 490 3134 So
516 3100 605 3134 weit
630 3098 762 3135 Druck
787 3098 842 3132 bei
869 3097 1071 3144 Raynald.
