2178 3404
68 155 108 192 E.
159 156 354 193 Benedikt
372 160 471 193 XIII.
499 171 533 193 u.
562 160 596 193 d.
624 159 760 193 Konzil
788 170 822 192 v.
850 160 884 192 d.
910 159 1165 193 Subtraktion
1192 159 1251 193 bis
1279 170 1308 193 Ζ.
1328 161 1445 194 Wahl
1464 161 1631 195 Martius
1654 162 1694 195 V.
1752 152 1834 195 561

66 270 285 318 poterant
318 269 538 320 impedire
572 272 619 309 et
652 269 798 309 eciam
829 272 1076 320 postquam
1112 268 1241 311 facta
1264 269 1415 311 fuerat
1451 271 1616 312 electio
1652 275 1836 313 contra-

66 339 275 380 dicentes
310 339 492 390 abipsa
525 339 724 380 facilime
758 339 934 380 resilire
969 371 976 379 .
1013 371 1020 379 .
1056 372 1063 380 .
1120 340 1222 391 [pso
1247 341 1345 381 sine
1370 353 1518 393 prece7
1553 343 1652 383 sine
1682 344 1836 393 precio

66 409 132 450 sic
174 409 338 461 electo,
380 421 536 461 ymmo
581 409 844 461 effugiente,
887 410 1147 461 recedente,
1191 412 1476 452 reclamante
1510 416 1555 453 et
1591 424 1641 454 se
1684 414 1837 454 multi-

66 479 247 530 pliciter
287 483 543 521 excusante
587 480 868 531 tandemque
902 481 979 520 vix
1022 480 1223 521 finaliter
1256 486 1548 534 acceptante,
1584 485 1836 525 multorum

67 550 207 591 corda
240 562 465 601 percussa
499 553 622 601 sunt⁷
665 554 710 591 et
746 551 852 601 quid
886 550 1109 603 fecerant,
1151 564 1292 602 quare
1328 565 1437 594 vero
1472 554 1704 595 hominem
1740 558 1836 596 tam

66 621 352 662 contrarium
385 621 593 662 moribus
627 622 724 662 suis
758 622 844 662 sibi
878 622 1189 673 prefecerunt,
1236 628 1508 674 receperunt
1545 626 1837 666 amarissime

66 693 273 743 cogitare
322 695 369 733 et
417 692 827 734 vehementissime
882 694 1107 734 adinstari
1156 694 1227 745 (Ῥ),
1276 694 1350 734 ubi
1400 694 1600 745 fuerant,
1654 697 1837 747 quando

65 763 317 815 elegerant,
361 763 432 804 vel
466 763 541 804 ubi
575 764 842 815 monebant,
887 765 1070 815 quando
1104 765 1357 805 nollentem
1395 769 1641 817 acceptare
1674 768 1718 807 in
1753 779 1838 808 sua

64 834 308 874 voluntate
356 845 448 874 non
497 834 713 874 sinebant
761 837 807 875 et
852 835 910 875 ad
955 835 1214 885 eligendum
1260 836 1398 876 alium
1448 836 1532 876 sibi
1583 838 1837 888 propicium

64 904 393 945 iocundissime
426 916 518 945 non
552 905 834 957 transibant⁷
876 908 929 946 ut
961 906 1043 946 hec
1081 938 1088 945 .
1125 938 1131 945 .
1168 938 1175 946 .
1211 918 1267 947 ex
1303 906 1416 957 ipsis
1456 908 1680 948 relatibus
1716 920 1838 949 com-

26 1006 29 1009 .
63 977 199 1024 perta
231 974 419 1015 fuerunt
448 1007 455 1015 .
482 1007 524 1014 ..
578 975 782 1026 Denique
816 976 1055 1026 predictus
1090 977 1304 1017 dominus
1337 981 1513 1029 noster,
1547 978 1840 1029 incipiente²¹)

63 1044 281 1086 feliciter
302 1045 562 1096 gubernare
597 1049 818 1097 papatum
854 1050 898 1087 et
940 1059 1129 1088 mensas
1169 1049 1535 1089 numulariorum
1570 1052 1619 1090 et
1653 1049 1839 1090 tabulas

65 1115 366 1156 vendencium
415 1116 655 1157 columbas
703 1118 1057 1158 accuratissime
1105 1119 1379 1159 subvertere
1426 1122 1713 1171 cuncta-sque
1758 1132 1839 1161 no-

64 1187 212 1227 torias
246 1186 456 1228 Romane
490 1188 614 1228 curie
649 1189 904 1239 spurcicias
940 1201 1022 1240 pro
1052 1190 1226 1231 viribus
1261 1191 1494 1238 elimante,
1530 1203 1670 1232 cause
1698 1192 1838 1231 extir—

63 1257 270 1307 pacionis
306 1258 544 1298 scismatis
578 1258 668 1298 iam
704 1259 779 1299 diu
811 1260 982 1300 iacenti
1023 1261 1265 1311 consopite
1303 1265 1399 1301 tam
1437 1262 1685 1312 vigilanter
1719 1262 1837 1312 cepit

62 1327 296 1379 insistere,
342 1328 465 1379 quod
509 1329 641 1369 multi
688 1341 744 1370 ex
788 1330 982 1371 ecclesie
1029 1331 1310 1382 principibus
1357 1332 1531 1373 deliciis
1578 1332 1838 1383 affluentes7

62 1398 284 1439 timentes
327 1399 520 1449 perdere
562 1399 713 1440 locum
749 1403 794 1441 et
837 1404 1040 1453 gentem,
1085 1405 1307 1452 ceperunt
1350 1403 1683 1444 molestissime
1717 1403 1838 1444 ferre

62 1470 111 1509 et
141 1481 312 1520 graves
345 1469 618 1511 inimicicias
660 1474 1002 1522 perpetuasque
1047 1472 1306 1513 discordias
1341 1474 1463 1514 inter
1494 1475 1645 1525 ipsum
1680 1477 1727 1514 et
1760 1474 1838 1514 do-

62 1540 213 1581 minos
247 1540 301 1580 de
335 1540 531 1581 Francia
565 1539 843 1589 se1ninare¹)
877 1574 885 1582 .
921 1574 928 1582 .
965 1574 972 1583 .

180 1752 230 1793 B.
284 1753 587 1795 Miseracione
612 1754 766 1795 divina
795 1758 1102 1797 sacrosancte
1126 1756 1334 1797 Romane
1358 1758 1553 1798 ecclesie
1578 1758 1838 1799 cardinales

63 1834 166 1863 cum
201 1824 504 1865 sanctissimo
547 1825 591 1865 in
627 1825 812 1866 vlu-isto
848 1828 981 1876 patre
1026 1829 1070 1867 et
1118 1827 1394 1868 beatissimo
1440 1828 1626 1869 domino
1674 1832 1838 1871 nostro

61 1902 182 1944 papa
226 1894 478 1935 Benedicto
523 1895 637 1936 XIII.
672 1895 914 1937 Paniscole
960 1898 1220 1938 residentes
1267 1902 1312 1939 et
1361 1910 1547 1939 sacrum
1595 1899 1837 1949 collegium

61 1963 288 2006 facientes
321 1966 727 2006 reverendissimis
762 1976 814 2007 ac
850 1968 1119 2008 reverendis
1153 1968 1379 2019 patribus,
1421 1970 1496 2020 qui
1539 1979 1565 2010 a
1606 1971 1838 2011 nonnullis

62 2035 323 2076 cardinales
357 2048 411 2077 ac
444 2037 710 2087 patriarche
734 2040 781 2078 et
814 2039 1083 2079 reverendis
1115 2040 1341 2091 patribus7
1376 2040 1450 2091 qui
1486 2041 1838 2092 archiepiscopi,

60 2105 265 2157 episcopi
299 2109 348 2148 et
379 2107 545 2157 prelati
579 2120 605 2148 a
638 2109 869 2149 nonnullis
904 2112 1148 2161 vocantur,
1195 2114 1243 2151 et
1290 2112 1460 2151 ceteris
1494 2112 1837 2153 venerabilibus

60 2177 173 2217 viris
198 2175 478 2219 Constancie
501 2178 769 2229 Maguntine
794 2181 1029 2230 provincie
1055 2182 1353 2232 congregatis
1379 2182 1579 2222 salutem
1604 2184 1651 2222 et
1675 2194 1836 2233 pacem

60 2259 259 2299 vereque
282 2249 463 2290 unionis
489 2249 709 2290 affectum
735 2251 910 2300 pariter
933 2254 979 2292 et
1004 2252 1238 2293 effectum.
1274 2251 1345 2292 Ad
1367 2254 1582 2293 nostram
1610 2253 1836 2293 noveritis

60 2319 331 2368 pervenisse
375 2320 597 2360 noticiam
642 2324 878 2371 sumptum
924 2323 1230 2373 quarumdam
1283 2322 1524 2363 literarum
1569 2324 1833 2363 vestrarum

60 2388 194 2428 nobis
228 2389 526 2441 directarum,
561 2391 725 2441 quibus
760 2393 1098 2442 respondentes
1132 2393 1341 2443 dicimus,
1376 2393 1510 2443 quod,
1546 2393 1619 2443 qui
1650 2395 1837 2434 tenetur

62 2457 195 2498 alicui
229 2462 396 2500 sancto
432 2461 558 2510 operi
592 2461 823 2502 solicitam
872 2474 1030 2503 curam
1065 2463 1342 2512 impendere.
1389 2466 1499 2504 tunc
1545 2462 1718 2503 laboris
1765 2465 1834 2504 sui

60 2529 319 2568 mercedem
355 2529 552 2570 fidenter
584 2533 743 2580 petere
776 2534 950 2583 potest,
986 2533 1169 2584 quando
1204 2546 1312 2574 vere
1346 2534 1498 2575 dicere
1532 2535 1680 2575 valet:
1720 2536 1835 2585 Quid

61 2600 163 2658 est„
191 2599 312 2649 quod
355 2599 478 2640 ultra
521 2600 655 2641 debui
699 2601 852 2642 facere
895 2606 943 2643 et
984 2615 1074 2644 non
1118 2603 1205 2644 feci
1221 2600 1286 2655 Ὗ.)
1350 2604 1465 2645 Nam
1501 2606 1576 2656 qui
1611 2608 1719 2646 ante
1757 2606 1834 2646 ob—

64 2670 246 2709 tentum
292 2669 429 2710 finem
476 2671 643 2712 desinit
689 2672 797 2712 illud
840 2672 1009 2725 facere,
1055 2686 1137 2725 per
1181 2675 1302 2725 quod
1348 2678 1451 2716 erat
1496 2678 1835 2717 consecuturus

179 2818 210 2851 a)
233 2817 276 2845 So
297 2819 348 2847 die
366 2819 490 2853 falsohe
509 2820 756 2847 Konstrnlstion.

181 2878 205 2921 ¹)
233 2880 469 2923 Davmfolyt
487 2882 548 2915 (lie
566 2880 825 2925 Sche'ldcrnngs
845 2883 912 2915 der
929 2883 1205 2926 fe‘inffir'ihriyen
1231 2883 1564 2927 Gefcmgjenschaft
1584 2885 1623 2917 in
1642 2884 1832 2927 Ave'glume,

61 2936 129 2969 der
164 2938 413 2982 auffallemle
443 2940 521 2973 Tod
554 2942 682 2974 semer
708 2941 924 2985 Aluffl'cifer.
960 2942 1204 2985 Eutze'ehuny
1241 2944 1324 2976 und
1354 2942 1730 2985 Il'e'edererlm‘efflng
1766 2944 1835 2977 der

63 2994 251 3030 Obo'dz'enz
274 3007 369 3032 πεπυ.

178 3053 206 3096 2)
233 3055 331 3090 Jsai.
357 3058 388 3100 5,
415 3058 448 3090 4.

131 3132 152 3158 F
166 3132 175 3158 i
188 3141 207 3159 n
221 3133 241 3159 k
254 3142 270 3159 e
281 3153 289 3167 ,
313 3135 400 3162 Aeta
421 3136 553 3162 concilii
576 3136 854 3163 sfonstanciensis
1562 3121 1618 3162 36
