2178 3404
690 183 875 221 Anhang-z
904 182 979 215 Zur
1006 182 1132 216 ,realis
1161 181 1413 214 obedienciam
1817 173 1902 213 359

134 292 324 342 tinebat‚
364 304 420 332 ex
454 304 542 342 quo
578 291 727 332 officia
763 291 1024 331 huiusmodi
1068 294 1174 331 sunt
1211 290 1308 331 sedi
1353 290 1610 341 apostolice
1644 294 1900 331 reservata.

133 363 263 414 Quod
294 363 517 403 vacancia
551 362 651 403 loca
688 361 858 401 collata
883 360 1068 401 suerint.
1103 361 1380 401 ostenditur.
1432 360 1560 402 Facti
1586 360 1769 401 fuerunt
1797 372 1900 411 pro-

132 445 294 475 cessus
327 445 409 483 per
440 433 635 473 eundem
679 436 788 472 tunc
823 432 864 472 d.
901 430 1171 482 Gregorium
1208 434 1369 472 contra
1418 442 1579 471 omnes
1624 431 1902 472 adherentes

130 506 178 545 et
210 503 470 555 faventesa)
503 503 587 544 sub
621 515 740 554 pena
774 503 1068 553 privacionis7
1116 514 1252 552 quam
1292 502 1581 543 incurrerent
1616 502 1716 552 ipso
1751 500 1902 547 facto;

130 575 204 626 qui
238 575 293 616 de
327 574 437 616 dicti
478 574 584 615 olim
620 574 660 614 d.
697 574 903 624 Gregorii
943 572 1209 613 obediencia
1250 564 1438 613 fuera-nt.
1471 575 1578 613 ante
1614 573 1900 613 sentenciam

130 645 248 686 Pisis
270 645 416 686 latam
429 639 462 697 ¹³)
486 645 782 695 adheserunt,
816 643 987 695 privati
1011 643 1195 683 fuerant
1223 642 1497 694 officiorum,
1528 643 1630 683 loca
1652 643 1901 686 vacabant.

130 728 216 767 que
250 715 597 766 obtinuerantf)
661 715 781 766 Ergo
817 715 919 756 loca
961 715 1061 765 ipsa
1102 716 1342 764 tamquam
1378 713 1602 754 vacancia
1636 713 1737 754 aliis
1773 716 1902 764 pote-

128 789 235 828 rant
269 787 514 838 assignari.
578 786 671 827 Nec
707 786 874 827 citacio
908 785 1191 835 necessaria„
1235 784 1341 835 quia
1384 795 1634 834 processus
1668 785 1902 825 monitorii

129 860 473 909 processerant,
509 856 634 898 affixi
677 857 732 897 de
765 856 989 897 mandato
1023 856 1169 906 ipsius
1213 855 1320 896 olim
1356 854 1395 894 d.
1431 854 1640 905 Gregorii
1673 855 1717 894 in
1751 855 1901 895 valvis

129 928 429 970 ecclesiarum
465 931 511 969 et
542 928 689 969 eciam
724 938 975 978 processus
1001 926 1040 966 d.
1066 926 1236 967 Urbani
1260 925 1348 976 Vl„
1384 925 1458 976 qui
1483 925 1729 975 privabant
1755 925 1900 966 eciam

130 999 408 1040 adherentes
450 1001 497 1040 et
539 998 754 1040 faventes
799 998 905 1038 olim
950 998 1074 1039 dicto
1110 996 1334 1037 Clementi
1377 998 1423 1037 et
1467 996 1564 1037 suis
1608 996 1901 1047 sequacibus.

129 1070 390 1112 Inciderant
423 1082 534 1122 ergo
568 1070 612 1110 in
644 1070 737 1110 iam
772 1069 1044 1110 damnatam
1090 1068 1388 1109 adhesionem
1438 1067 1692 1109 secundum
1735 1078 1821 1108 nos
1856 1069 1901 1108 et

128 1154 224 1194 eOS,
258 1153 343 1183 nec
377 1144 479 1183 erat
512 1152 720 1191 necesse,
755 1144 803 1181 ut
839 1152 1011 1181 novum
1055 1139 1177 1180 aliud
1211 1140 1431 1190 ageretur
1466 1171 1473 1178 .
1511 1170 1517 1176 .
1555 1169 1562 1177 .
1597 1137 1741 1179 Immo
1785 1140 1831 1179 et·
1864 1138 1902 1179 si

127 1213 237 1255 dicti
270 1224 522 1264 processus
555 1224 646 1253 non
681 1211 1026 1262 processissent
1060 1211 1133 1251 vel
1166 1209 1507 1261 precessissent
1544 1213 1589 1251 et
1623 1221 1716 1251 non
1748 1210 1793 1250 in
1827 1210 1902 1251 de-

127 1285 223 1326 bita
256 1283 421 1335 forma,
465 1283 585 1324 idem
628 1284 756 1324 esset
800 1282 1057 1323 dicendum.
1121 1281 1237 1322 Nam
1272 1281 1391 1321 idem
1432 1280 1539 1321 olim
1574 1281 1614 1321 d.
1650 1280 1901 1332 Gregorius

127 1356 248 1397 inter
281 1355 397 1396 alias
433 1366 545 1395 suas
579 1353 780 1405 regulas7
815 1365 930 1404 quas
964 1353 1051 1404 legi
1084 1353 1129 1392 in
1164 1352 1405 1393 audiencia
1438 1352 1620 1403 publica
1654 1354 1699 1392 et
1739 1352 1783 1392 in
1818 1364 1903 1392 sua

128 1426 405 1468 cancellaria
446 1425 755 1467 mandaverat
799 1424 1055 1476 observari,
1089 1424 1207 1465 hanc
1242 1424 1285 1464 in
1332 1423 1502 1465 effectu
1546 1423 1633 1474 legi
1680 1425 1726 1463 et
1760 1422 1901 1474 publi-

128 1498 223 1539 cari
255 1497 434 1539 fecerat
467 1499 514 1538 et
538 1496 793 1547 observari,
828 1495 949 1546 quod
983 1494 1206 1536 beneficia
1239 1498 1283 1535 et
1320 1494 1473 1536 officia.
1507 1505 1681 1545 eorum,
1715 1493 1789 1544 qui
1824 1493 1901 1534 ad-

126 1568 349 1610 heserunt
381 1570 485 1620 etc.7
520 1570 824 1609 censerentur
866 1567 1114 1607 vacavisse
1156 1577 1236 1617 per
1277 1565 1590 1615 adhesionffln,
1636 1565 1781 1606 eciam
1826 1565 1901 1605 ubi

127 1651 379 1691 processus
422 1638 666 1691 apostolici
708 1650 799 1679 non
843 1638 1136 1688 reperiantur
1176 1637 1221 1677 in
1254 1636 1407 1677 forma
1440 1636 1580 1677 solita
1612 1636 1900 1687 precessisse

128 1713 173 1752 et
221 1722 484 1761 emanasse,
539 1710 751 1761 quodque
798 1710 842 1749 in
893 1708 1169 1750 cancellaria
1220 1708 1479 1759 apostolica
1527 1710 1601 1748 est
1653 1707 1805 1748 forma
1853 1710 1898 1748 et

126 1782 262 1823 stilus
286 1793 425 1833 super
457 1780 754 1831 expediendis
788 1780 958 1821 litteris
993 1791 1131 1830 super
1154 1779 1259 1820 istis
1294 1778 1460 1819 officiis
1485 1790 1566 1829 per
1600 1777 1899 1819 adhesionem

126 1852 420 1903 vacantibus,
466 1851 589 1902 quod
630 1851 708 1892 fiat
754 1851 963 1901 recepcio
1005 1850 1197 1890 testium
1241 1861 1380 1900 super
1423 1849 1673 1890 adhesione
1707 1849 1751 1888 in
1794 1861 1900 1890 can-

126 1923 325 1965 cellaria.
395 1922 524 1965 Alias
566 1935 657 1964 non
692 1922 999 1973 expediuntur
1041 1921 1194 1961 littere
1237 1932 1376 1971 super
1419 1920 1668 1962 adhesione
1702 1919 1899 1970 prefata.

126 1994 223 2035 Hoc
265 1995 413 2035 eciam
448 1994 591 2035 sentit
634 1996 679 2034 et
725 1993 823 2034 vult
866 1992 1063 2043 quedam
1110 1992 1269 2042 regula
1312 2003 1392 2042 per
1435 1991 1630 2032 eundem
1665 1990 1899 2031 Urbanum

126 2077 294 2116 papam
317 2065 446 2107 facta
479 2077 559 2116 per
593 2065 698 2106 olim
734 2064 774 2104 d.
801 2062 1072 2114 Gregorium
1109 2063 1152 2102 in
1185 2063 1320 2103 inicio
1350 2074 1432 2103 sue
1466 2062 1808 2112 assumpcionis
1844 2062 1901 2102 ad

126 2138 349 2187 papatum
393 2136 665 2187 approbata,
709 2138 753 2176 et
789 2135 890 2175 ideo
934 2139 1091 2175 motus
1134 2133 1219 2174 fuit
1253 2134 1373 2174 idem
1419 2132 1629 2174 Urbanus
1664 2135 1711 2173 et
1753 2133 1918 2174 eciam·

127 2207 232 2248 olim
279 2206 543 2258 Gregorius,
590 2207 696 2258 quia
741 2206 966 2252 videntes
1014 2205 1132 2256 quod
1180 2205 1268 2245 alia
1313 2205 1480 2245 citacio
1524 2215 1615 2244 non
1659 2203 1801 2244 fiebat
1846 2203 1900 2243 de

128 2277 456 2319 adherentibus
498 2277 775 2328 huiusmodi7
820 2288 877 2317 ne
912 2276 1180 2317 viderentur
1222 2275 1554 2325 defensionem„
1602 2286 1687 2325 que
1733 2274 1900 2315 dicitur

127 2360 232 2391 esse
266 2349 321 2390 de
354 2349 452 2390 iure
484 2348 700 2399 naturali,
737 2380 743 2387 .
781 2380 788 2388 .
825 2380 832 2387 .
868 2347 1042 2397 tollere,
1086 2347 1348 2387 noluerunt.
1384 2346 1504 2396 quod
1539 2345 1697 2385 taliter
1730 2345 1899 2395 privati

127 2420 369 2461 venientes
402 2422 449 2460 et
491 2419 546 2460 de
587 2431 679 2461 non
723 2419 974 2460 adhesione
1016 2418 1213 2468 probare
1247 2417 1460 2457 volentes
1504 2415 1778 2456 iudicialiter
1821 2414 1898 2455 ad-

129 2491 426 2532 mitterentur
460 2522 467 2529 .
503 2522 510 2529 .
546 2522 553 2530 .

247 2572 447 2613 Veniens
482 2572 539 2613 ad
574 2572 826 2613 secundum
862 2567 1158 2621 capitulun11)
1190 2569 1298 2610 illud
1331 2570 1375 2609 in
1410 2569 1526 2610 duas
1552 2571 1710 2619 partes
1745 2568 1897 2608 divido

112 2643 425 2694 principales3
464 2643 509 2683 in
543 2642 691 2693 prima
726 2642 955 2692 approbat
989 2644 1033 2681 et
1068 2641 1222 2681 firmat
1258 2642 1396 2691 gesta
1429 2645 1473 2681 et
1510 2639 1711 2690 gerenda
1746 2641 1790 2679 et
1827 2650 1897 2680 ce-

129 2716 245 2755 tera.
310 2712 521 2755 Secundo
564 2713 748 2764 statuit,
782 2712 904 2763 quod
946 2712 1047 2762 ipsa
1080 2712 1265 2762 infringi
1307 2722 1398 2752 non
1433 2711 1619 2751 valeant
1665 2722 1720 2750 ex
1755 2721 1898 2750 causa

129 2784 380 2826 scismatis.
433 2784 548 2825 Item
584 2784 732 2835 prima
765 2784 808 2824 in
843 2783 972 2833 duas„
1006 2794 1113 2823 nam
1138 2783 1285 2833 primo
1320 2782 1375 2823 de
1408 2782 1570 2833 gestis,
1606 2780 1809 2821 secundo
1843 2780 1898 2821 de

246 2933 278 2967 a)
299 2932 393 2959 Elea-a
411 2941 451 2959 Ξιι
475 2934 645 2966 erysimon.-
668 2931 744 2957 olim
769 2931 858 2957 (licto
877 2934 881 2952 ί
904 2930 1041 2957 tomenti
1063 2935 1093 2956 et
1119 2930 1188 2956 suis
1211 2929 1423 2964 sequacibus,
1447 2929 1503 2964 syl.
1521 2930 1628 2956 tritten.
1669 2928 1700 2961 b)
1723 2928 1765 2954 Es
1790 2927 1898 2960 mz'a‘sste

128 2981 207 3007 ebra
221 2980 341 3015 folgycm:
361 2980 448 3014 „und
470 2980 613 3006 ηας-111191
626 2979 696 3007 (lem
720 2979 750 3005 in
767 2979 845 3006 Pisa
865 2978 1070 3013 ye›i·(iltllen⁴·.
1105 2978 1134 3011 c)
1157 2976 1200 3006 So
1215 2978 1271 3004 der
1289 2976 1574 3005 unt-erstfflzrllivlw
1589 2974 1673 3003 Sata
1707 2973 1899 3007 Satzschlnss

132 3027 210 3054 ciell.
236 3027 319 3054 nach
340 3027 412 3060 ipso
435 3027 542 3058 facto3
564 3026 647 3054 auch
672 3026 741 3052 hier
763 3025 870 3059 fehlen
900 3025 1013 3052 H'm'le.

249 3088 273 3125 ¹)
299 3089 437 3124 Dekret
464 3088 613 3123 ,Omnia
640 3090 679 3120 et
705 3087 870 3131 singula·
899 3086 1049 3129 (Hardt
1074 3086 1133 3119 IV
1157 3085 1250 3129 377).
