2178 3404
766 161 934 195 cedulae
962 173 1009 196 an
1039 162 1270 206 Sigismund.
1822 155 1907 196 337

139 271 444 321 suprascripti
474 273 518 310 et
547 271 905 311 vicecamerarii.
941 271 1234 321 presentibus
1260 271 1300 311 d.
1326 271 1655 312 Bartholomeo
1689 272 1743 312 de
1769 273 1906 312 Urbe-

138 341 285 381 veteri
318 342 367 381 et
399 341 440 381 d.
473 340 685 381 ι1011611116
718 341 773 381 (16
808 341 1011 382 Bononia
1059 341 1270 391 prefatIs,
1304 341 1590 382 honorabilis
1632 343 1703 383 vir
1747 343 1905 393 domp-

135 422 222 451 nus
255 410 596 451 Reubalducius
622 410 935 451 Sanctiiannis
968 412 1022 451 de
1048 412 1433 464 Pennabillorunn
1479 414 1730 454 canonicus
1765 413 1905 454 Seno-

135 481 354 531 galiensis
389 484 661 532 assumptus
695 483 739 522 in
775 483 1061 533 capellanum
1096 483 1286 524 honoris
1321 496 1400 534 per
1433 484 1473 524 d.
1509 496 1549 524 n.
1585 497 1753 535 papam
1784 486 1905 525 iura-

135 552 203 593 vit
234 552 278 592 in
321 551 473 592 forma
516 564 699 593 camere
733 553 775 592 in
810 553 1024 593 manibus
1058 553 1168 594 dicti
1203 554 1243 594 d.
1279 554 1625 595 vicecamerarii
1666 558 1712 595 et
1745 555 1907 596 habult

136 623 305 664 bullam
338 624 502 674 gratis.

250 703 380 757 Diea)
423 705 579 746 XVIII.
622 706 728 747 Julii
774 707 817 746 in
862 718 1049 747 camera
1096 707 1378 758 supradicta,
1426 711 1642 758 presente
1687 709 1726 748 d.
1760 709 1816 749 M.
1851 710 1905 750 de

133 776 296 818 Strata
329 777 368 817 d.
403 777 609 828 Angelus
644 778 699 818 de
732 778 947 818 Beccutis
982 778 1106 828 prior
1140 778 1305 818 domus
1350 778 1595 829 llosp1talis
1643 781 1793 820 sancti
1827 780 1904 821 .1(1-

130 848 296 889 hannis
328 848 696 889 ‚lerosolimitani
731 848 785 889 de
821 848 951 899 Urbe,
986 848 1135 889 frater
1174 848 1344 889 Paulus
1381 849 1614 891 Francisci
1661 854 1905 901 preceptor

133 921 296 959 sancte
330 918 525 959 Abunde
548 919 603 959 de
627 919 780 969 Burgo
815 923 861 960 et
886 931 962 959 ser
986 919 1204 960 Nicolaus
1229 922 1476 970 preceptm·
1500 921 1651 961 sancti
1676 920 1904 962 .Jollannis

131 990 186 1031 de
219 989 727 1031 Pontemontiscastelli
762 990 871 1030 dicti
906 990 1079 1030 ordinis
1115 991 1449 1031 abjuraverunt
1486 991 1659 1031 scisma
1685 992 1728 1031 in
1752 991 1905 1033 forma

135 1060 256 1101 dicte
291 1072 474 1102 camere
507 1063 595 1102 etc.

250 1142 377 1184 Hora
423 1143 629 1184 secunda
673 1144 826 1184 noctis
873 1144 943 1184 die
976 1143 1153 1184 XVIIII.
1199 1144 1305 1185 Julii
1352 1145 1547 1185 intravit
1593 1157 1746 1186 arcem
1794 1146 1903 1186 dicti

132 1214 275 1254 castri
309 1226 385 1255 ser
419 1213 651 1254 Thomeus
687 1214 991 1255 cancellarius
1025 1215 1257 1266 magnifici
1291 1216 1331 1255 d.
1367 1216 1517 1256 wal-oli
1552 1216 1607 1256 de
1641 1216 1903 1257 Malatestis

130 1286 177 1324 et
208 1285 368 1325 retulit
401 1285 558 1336 verbo,
593 1285 792 1336 qualiter
825 1297 938 1325 suus
986 1286 1260 1336 111agnificus
1303 1287 1343 1327 d.
1380 1287 1573 1327 Carolus
1609 1287 1903 1338 (fonstancie7

132 1355 251 1396 unde
284 1357 395 1397 tunc
429 1355 550 1396 idem
586 1367 663 1396 ser
695 1354 929 1396 Thomeus
964 1357 1106 1407 venit,
1140 1357 1469 1408 resignaverat
1512 1358 1696 1398 nomine
1731 1358 1903 1399 domini

129 1426 281 1467 nostri
314 1438 431 1477 pape
464 1428 689 1477 papatum
724 1427 768 1466 111
801 1426 984 1477 publica
1019 1428 1229 1469 sessione
1266 1429 1387 1469 sacri
1422 1429 1601 1469 concilii
1635 1431 1804 1479 quarta
1837 1430 1902 1469 in-

130 1497 303 1537 stantis
333 1498 524 1538 mensis.

246 1574 376 1632 Dieb)
410 1580 664 1631 penultimo
708 1580 816 1621 Julii
859 1582 902 1621 111
949 1582 1086 1622 (101110
1122 1582 1161 1621 (1.
1198 1582 1560 1633 vicecamerarii,
1607 1582 1901 1632 presentibus

129 1649 267 1691 Petro
320 1650 550 1703 Rymanni
605 1652 835 1702 scriptore
888 1652 1152 1692 litterarum
1208 1652 1576 1702 apostolicarum
1631 1655 1675 1693 et
1721 1652 1900 1695 Jodoco

128 1720 417 1762 Plerdemest
448 1723 654 1773 porteris)
688 1726 821 1772 porte
854 1723 1002 1763 ferree
1037 1723 1283 1774 apostolici
1315 1724 1481 1774 palacii
1509 1725 1723 1775 egregius
1747 1725 1899 1775 legum

128 1791 293 1833 doctor
326 1793 367 1833 d.
389 1792 628 1834 Johannes
662 1794 717 1834 de
742 1794 965 1844 Lupparis
1000 1794 1055 1834 de
1090 1794 1297 1835 Bononia
1331 1794 1526 1835 clericus
1560 1794 1682 1835 dicte
1717 1807 1901 1835 camere

129 1862 303 1903 iuravit
336 1862 538 1904 officium
574 1864 906 1905 viceauditoris
942 1864 1064 1905 dicte
1100 1876 1296 1905 camere,

245 1945 327 1986 Die
373 1945 555 1987 XXVII.
602 1946 804 1998 Augusti
850 1948 959 1988 dicti
1007 1943 1146 2000 [anni]
1189 1948 1234 1988 in
1281 1959 1482 1998 camera,
1530 1948 1823 1999 presentibus
1858 1949 1899 1989 d.

128 2015 456 2058 Bartholomeo
501 2017 556 2057 de
600 2017 870 2058 Urbeveteri
917 2020 963 2058 et
1003 2018 1288 2059 d.‚Jol1a1me
1334 2018 1388 2058 de
1435 2018 1641 2059 Bononia
1687 2018 1899 2070 prefatus

124 2086 330 2128 Jacobus
354 2087 409 2128 de
431 2087 624 2129 Missina
658 2101 821 2130 cursor
854 2089 1013 2130 retulit
1038 2101 1087 2129 se
1118 2090 1419 2139 presentasse
1443 2090 1834 2131 reverendissimo
1857 2091 1898 2131 d.

127 2157 347 2199 cardinali
386 2158 667 2200 Bononiensi
710 2160 940 2210 quandam
985 2160 1337 2211 responsionem
1380 2160 1557 2201 factam
1599 2172 1682 2211 per
1724 2161 1897 2202 dictum

126 2227 470 2269 thesaurarium
505 2231 670 2270 contra
703 2232 882 2271 certam
917 2231 1254 2271 ammocionem
1289 2231 1344 2271 de
1378 2243 1432 2271 eo
1467 2230 1643 2272 factam
1667 2233 1715 2271 et
1749 2232 1898 2272 adiec—

127 2298 300 2339 tionem
335 2311 449 2350 pene
483 2312 563 2351 per
593 2301 789 2341 eundem
824 2301 1265 2342 reverendissimum
1301 2301 1341 2341 d.
1377 2301 1673 2353 cardinalem,
1710 2313 1897 2352 presen-

126 2368 249 2410 tibus
279 2370 319 2410 d.
344 2370 392 2411 B.
428 2370 482 2411 de
516 2370 787 2412 Urbeveteri
823 2371 1004 2422 prefato
1039 2374 1085 2411 et
1119 2372 1158 2411 d.
1194 2372 1523 2412 Bai-tholomeo
1557 2372 1611 2411 de
1646 2371 1897 2412 Mainardis

127 2439 181 2480 de
214 2440 406 2481 Perusio
440 2442 584 2482 milite
617 2444 665 2482 et
698 2442 849 2492 legum
885 2442 1089 2483 doctore.

125 2590 244 2645 (152)
275 2592 475 2635 Ceclulae
518 2607 579 2634 (m
624 2594 923 2646 Sieqlsmund:
968 2592 1243 2647 Se'gsismwzd
1285 2598 1412 2647 moye
1456 2607 1632 2647 sorgjeie,
1678 2594 1774 2647 (ἶαβ
1815 2595 1898 2647 fiir

273 2663 446 2718 Greyor
488 2663 596 2705 XII.
642 2666 743 2706 wad
789 2665 906 2706 (mele
953 2664 1177 2706 Benesle'lct
1224 2667 1343 2706 sconti
1392 2666 1537 2706 Herem
1580 2665 1787 2719 Anhang(
1831 2667 1897 2707 im

271 2734 403 2776 Folle
435 2736 518 2777 der
549 2735 735 2777 Zesse‘on
767 2736 950 2788 wilt-day
987 2736 1255 2788 rorgsesehen
1293 2737 1449 2777 warde
1480 2737 1581 2777 med
1612 2736 1700 2777 das
1732 2735 1897 2777 Konzil

270 2805 396 2847 nicht
426 2818 506 2847 vor
526 2805 828 2859 Beseztegymey
859 2806 939 2847 des
967 2803 1203 2847 Schismas
1235 2807 1554 2848 ctuseiiecmder
1584 2807 1706 2859 gelae.
1762 2804 1897 2857 (1415

270 2888 351 2917 vor
380 2876 484 2918 Julz·
514 2875 575 2928 4.)

249 2956 367 2999 Wien,
398 2956 487 2991 Cod.
515 2958 609 2991 5097
624 2957 653 3000 f.
678 2958 758 2990 172.

243 3083 274 3115 a)
297 3083 360 3110 Am
379 3083 492 3111 Hand:
512 3083 703 3110 Abiuracio.
741 3084 773 3117 b)
794 3083 857 3111 Am
879 3084 995 3112 Hand:
1016 3084 1245 3110 Itu-amentum
1266 3084 1507 3111 viceauditoris
1529 3092 1670 3111 camere.

197 3153 340 3189 Finke,
359 3156 446 3181 Acta
467 3155 600 3182 concilii
621 3154 899 3182 Constanciensis
920 3155 972 3181 111.
1625 3136 1680 3176 ‘22
