<?xml version="1.0" encoding="UTF-8"?>
<!DOCTYPE html PUBLIC "-//W3C//DTD XHTML 1.0 Transitional//EN"
    "http://www.w3.org/TR/xhtml1/DTD/xhtml1-transitional.dtd">
<html xmlns="http://www.w3.org/1999/xhtml" xml:lang="en" lang="en">
 <head>
  <title>
</title>
<meta http-equiv="Content-Type" content="text/html;charset=utf-8" />
  <meta name='ocr-system' content='tesseract 3.04.00' />
  <meta name='ocr-capabilities' content='ocr_page ocr_carea ocr_par ocr_line ocrx_word'/>
</head>
<body>
  <div class='ocr_page' id='page_1' title='image "./actaconciliicons03counuoft_0661.png"; bbox 0 0 2178 3404; ppageno 0'>
   <div class='ocr_carea' id='block_1_1' title="bbox 706 139 1870 184">
    <p class='ocr_par' dir='ltr' id='par_1_1' title="bbox 706 139 1870 184">
     <span class='ocr_line' id='line_1_1' title="bbox 706 139 1870 184; baseline -0.001 -1"><span class='ocrx_word' id='word_1_1' title='bbox 706 146 867 184; x_wconf 78' lang='lat' dir='ltr'>Traktat</span> <span class='ocrx_word' id='word_1_2' title='bbox 899 151 1004 183; x_wconf 79' lang='lat' dir='ltr'>eines</span> <span class='ocrx_word' id='word_1_3' title='bbox 1034 152 1266 183; x_wconf 71' lang='lat' dir='ltr'>Deutsclien.</span> <span class='ocrx_word' id='word_1_4' title='bbox 1785 139 1870 182; x_wconf 62' lang='lat'><strong>(535)</strong></span> 
     </span>
    </p>
   </div>
   <div class='ocr_carea' id='block_1_2' title="bbox 99 260 1895 2927">
    <p class='ocr_par' dir='ltr' id='par_1_2' title="bbox 99 260 1880 1290">
     <span class='ocr_line' id='line_1_2' title="bbox 99 260 1869 313; baseline -0.001 -11"><span class='ocrx_word' id='word_1_5' title='bbox 99 261 314 313; x_wconf 76' lang='lat' dir='ltr'>generale</span> <span class='ocrx_word' id='word_1_6' title='bbox 359 261 447 300; x_wconf 89' lang='lat' dir='ltr'>erit</span> <span class='ocrx_word' id='word_1_7' title='bbox 495 272 635 310; x_wconf 88' lang='lat' dir='ltr'>super</span> <span class='ocrx_word' id='word_1_8' title='bbox 683 260 837 300; x_wconf 78' lang='lat' dir='ltr'>omnia</span> <span class='ocrx_word' id='word_1_9' title='bbox 887 272 1027 309; x_wconf 77' lang='lat' dir='ltr'>opera</span> <span class='ocrx_word' id='word_1_10' title='bbox 1078 272 1193 310; x_wconf 80' lang='lat' dir='ltr'>pape</span> <span class='ocrx_word' id='word_1_11' title='bbox 1242 262 1289 300; x_wconf 89' lang='lat' dir='ltr'>et</span> <span class='ocrx_word' id='word_1_12' title='bbox 1335 261 1455 300; x_wconf 75' lang='lat' dir='ltr'>sacri</span> <span class='ocrx_word' id='word_1_13' title='bbox 1503 261 1646 310; x_wconf 88' lang='lat' dir='ltr'>ipsius</span> <span class='ocrx_word' id='word_1_14' title='bbox 1694 262 1869 309; x_wconf 66' lang='lat' dir='ltr'>collegii</span> 
     </span>
     <span class='ocr_line' id='line_1_3' title="bbox 101 331 1869 374; baseline -0.001 -1"><span class='ocrx_word' id='word_1_15' title='bbox 101 332 416 374; x_wconf 81' lang='lat' dir='ltr'>cardinalium.</span> <span class='ocrx_word' id='word_1_16' title='bbox 452 332 570 371; x_wconf 88' lang='lat' dir='ltr'>sicut</span> <span class='ocrx_word' id='word_1_17' title='bbox 607 331 649 370; x_wconf 92' lang='lat' dir='ltr'>in</span> <span class='ocrx_word' id='word_1_18' title='bbox 685 342 821 370; x_wconf 81' lang='lat' dir='ltr'>sacro</span> <span class='ocrx_word' id='word_1_19' title='bbox 858 331 1210 370; x_wconf 49' lang='lat' dir='ltr'>constanciensi</span> <span class='ocrx_word' id='word_1_20' title='bbox 1248 331 1440 370; x_wconf 75' lang='lat' dir='ltr'>concilio</span> <span class='ocrx_word' id='word_1_21' title='bbox 1475 331 1761 371; x_wconf 79' lang='lat' dir='ltr'>declaratum</span> <span class='ocrx_word' id='word_1_22' title='bbox 1798 335 1869 371; x_wconf 79' lang='lat' dir='ltr'>est</span> 
     </span>
     <span class='ocr_line' id='line_1_4' title="bbox 100 401 1873 451; baseline -0.001 -7"><span class='ocrx_word' id='word_1_23' title='bbox 100 406 149 444; x_wconf 90' lang='lat' dir='ltr'>et</span> <span class='ocrx_word' id='word_1_24' title='bbox 181 404 310 443; x_wconf 82' lang='lat' dir='ltr'>iuxta</span> <span class='ocrx_word' id='word_1_25' title='bbox 345 403 606 441; x_wconf 79' lang='lat' dir='ltr'>iuramenta</span> <span class='ocrx_word' id='word_1_26' title='bbox 640 413 720 451; x_wconf 89' lang='lat' dir='ltr'>per</span> <span class='ocrx_word' id='word_1_27' title='bbox 753 401 880 451; x_wconf 89' lang='lat' dir='ltr'>ipsos</span> <span class='ocrx_word' id='word_1_28' title='bbox 915 401 1174 440; x_wconf 80' lang='lat' dir='ltr'>cardinales</span> <span class='ocrx_word' id='word_1_29' title='bbox 1209 401 1310 440; x_wconf 89' lang='lat' dir='ltr'>lmic</span> <span class='ocrx_word' id='word_1_30' title='bbox 1346 414 1482 442; x_wconf 81' lang='lat' dir='ltr'>sacro</span> <span class='ocrx_word' id='word_1_31' title='bbox 1518 402 1710 442; x_wconf 80' lang='lat' dir='ltr'>concilio</span> <span class='ocrx_word' id='word_1_32' title='bbox 1747 402 1873 443; x_wconf 83' lang='lat' dir='ltr'>facta</span> 
     </span>
     <span class='ocr_line' id='line_1_5' title="bbox 101 471 1873 522; baseline -0.001 -7"><span class='ocrx_word' id='word_1_33' title='bbox 101 477 149 515; x_wconf 90' lang='lat' dir='ltr'>et</span> <span class='ocrx_word' id='word_1_34' title='bbox 191 473 376 515; x_wconf 77' lang='lat' dir='ltr'>cuilibet</span> <span class='ocrx_word' id='word_1_35' title='bbox 422 472 657 522; x_wconf 82' lang='lat' dir='ltr'>provincie</span> <span class='ocrx_word' id='word_1_36' title='bbox 699 472 743 511; x_wconf 91' lang='lat' dir='ltr'>in</span> <span class='ocrx_word' id='word_1_37' title='bbox 789 471 984 521; x_wconf 79' lang='lat' dir='ltr'>publicis</span> <span class='ocrx_word' id='word_1_38' title='bbox 1031 472 1357 511; x_wconf 86' lang='lat' dir='ltr'>instrumentis</span> <span class='ocrx_word' id='word_1_39' title='bbox 1386 472 1599 522; x_wconf 85' lang='lat' dir='ltr'>desuper</span> <span class='ocrx_word' id='word_1_40' title='bbox 1645 472 1873 513; x_wconf 81' lang='lat' dir='ltr'>consectis</span> 
     </span>
     <span class='ocr_line' id='line_1_6' title="bbox 103 541 1873 594; baseline -0.001 -10"><span class='ocrx_word' id='word_1_41' title='bbox 103 544 356 585; x_wconf 87' lang='lat' dir='ltr'>commissa</span> <span class='ocrx_word' id='word_1_42' title='bbox 389 543 544 583; x_wconf 88' lang='lat' dir='ltr'>omnia</span> <span class='ocrx_word' id='word_1_43' title='bbox 577 541 704 582; x_wconf 85' lang='lat' dir='ltr'>fiant.</span> <span class='ocrx_word' id='word_1_44' title='bbox 771 542 824 581; x_wconf 79' lang='lat' dir='ltr'>Et</span> <span class='ocrx_word' id='word_1_45' title='bbox 862 542 926 581; x_wconf 88' lang='lat' dir='ltr'>sic</span> <span class='ocrx_word' id='word_1_46' title='bbox 964 544 1119 592; x_wconf 91' lang='lat' dir='ltr'>potest</span> <span class='ocrx_word' id='word_1_47' title='bbox 1156 542 1250 581; x_wconf 80' lang='lat' dir='ltr'>sieri</span> <span class='ocrx_word' id='word_1_48' title='bbox 1288 543 1606 592; x_wconf 86' lang='lat' dir='ltr'>omnipotente</span> <span class='ocrx_word' id='word_1_49' title='bbox 1643 544 1735 582; x_wconf 89' lang='lat' dir='ltr'>l)eo</span> <span class='ocrx_word' id='word_1_50' title='bbox 1770 556 1873 594; x_wconf 87' lang='lat' dir='ltr'>pro-</span> 
     </span>
     <span class='ocr_line' id='line_1_7' title="bbox 102 612 1873 665; baseline 0 -11"><span class='ocrx_word' id='word_1_51' title='bbox 102 615 220 665; x_wconf 91' lang='lat' dir='ltr'>picio</span> <span class='ocrx_word' id='word_1_52' title='bbox 262 614 306 653; x_wconf 90' lang='lat' dir='ltr'>in</span> <span class='ocrx_word' id='word_1_53' title='bbox 349 613 476 653; x_wconf 74' lang='lat' dir='ltr'>brevi</span> <span class='ocrx_word' id='word_1_54' title='bbox 521 613 743 653; x_wconf 83' lang='lat' dir='ltr'>salutaris</span> <span class='ocrx_word' id='word_1_55' title='bbox 786 612 889 652; x_wconf 85' lang='lat' dir='ltr'>finis</span> <span class='ocrx_word' id='word_1_56' title='bbox 923 612 1058 652; x_wconf 79' lang='lat' dir='ltr'>liuius</span> <span class='ocrx_word' id='word_1_57' title='bbox 1103 613 1412 652; x_wconf 78' lang='lat' dir='ltr'>sacratissimi</span> <span class='ocrx_word' id='word_1_58' title='bbox 1459 614 1651 654; x_wconf 87' lang='lat' dir='ltr'>concilii.</span> <span class='ocrx_word' id='word_1_59' title='bbox 1695 615 1749 653; x_wconf 83' lang='lat' dir='ltr'>de</span> <span class='ocrx_word' id='word_1_60' title='bbox 1784 627 1873 665; x_wconf 80' lang='lat' dir='ltr'>quo</span> 
     </span>
     <span class='ocr_line' id='line_1_8' title="bbox 102 683 1875 726; baseline 0 -1"><span class='ocrx_word' id='word_1_61' title='bbox 102 688 260 726; x_wconf 85' lang='lat' dir='ltr'>tamen</span> <span class='ocrx_word' id='word_1_62' title='bbox 294 684 382 724; x_wconf 89' lang='lat' dir='ltr'>fine</span> <span class='ocrx_word' id='word_1_63' title='bbox 415 683 607 724; x_wconf 88' lang='lat' dir='ltr'>inferius</span> <span class='ocrx_word' id='word_1_64' title='bbox 642 684 787 724; x_wconf 79' lang='lat' dir='ltr'>lacius</span> <span class='ocrx_word' id='word_1_65' title='bbox 822 684 1014 723; x_wconf 81' lang='lat' dir='ltr'>dicetur.</span> <span class='ocrx_word' id='word_1_66' title='bbox 1065 684 1145 723; x_wconf 63' lang='lat' dir='ltr'>Set</span> <span class='ocrx_word' id='word_1_67' title='bbox 1180 683 1327 723; x_wconf 81' lang='lat' dir='ltr'>adhuc</span> <span class='ocrx_word' id='word_1_68' title='bbox 1364 684 1484 724; x_wconf 73' lang='lat' dir='ltr'>circa</span> <span class='ocrx_word' id='word_1_69' title='bbox 1521 685 1793 725; x_wconf 84' lang='lat' dir='ltr'>electionem</span> <span class='ocrx_word' id='word_1_70' title='bbox 1821 686 1875 725; x_wconf 90' lang='lat' dir='ltr'>de</span> 
     </span>
     <span class='ocr_line' id='line_1_9' title="bbox 103 754 1879 806; baseline 0 -10"><span class='ocrx_word' id='word_1_71' title='bbox 103 756 297 806; x_wconf 86' lang='lat' dir='ltr'>singulis</span> <span class='ocrx_word' id='word_1_72' title='bbox 320 755 571 805; x_wconf 79' lang='lat' dir='ltr'>provinciis</span> <span class='ocrx_word' id='word_1_73' title='bbox 596 754 901 794; x_wconf 76' lang='lat' dir='ltr'>devotissime</span> <span class='ocrx_word' id='word_1_74' title='bbox 927 754 1214 794; x_wconf 83' lang='lat' dir='ltr'>attendatur.</span> <span class='ocrx_word' id='word_1_75' title='bbox 1240 754 1360 804; x_wconf 81' lang='lat' dir='ltr'>quod</span> <span class='ocrx_word' id='word_1_76' title='bbox 1386 755 1621 803; x_wconf 73' lang='lat' dir='ltr'>provincia</span> <span class='ocrx_word' id='word_1_77' title='bbox 1650 755 1879 801; x_wconf 69' lang='lat' dir='ltr'>Romana,</span> 
     </span>
     <span class='ocr_line' id='line_1_10' title="bbox 104 825 1877 877; baseline 0.001 -12"><span class='ocrx_word' id='word_1_78' title='bbox 104 838 190 877; x_wconf 84' lang='lat' dir='ltr'>que</span> <span class='ocrx_word' id='word_1_79' title='bbox 236 828 425 876; x_wconf 86' lang='lat' dir='ltr'>propter</span> <span class='ocrx_word' id='word_1_80' title='bbox 471 825 706 875; x_wconf 84' lang='lat' dir='ltr'>antiquam</span> <span class='ocrx_word' id='word_1_81' title='bbox 755 825 900 875; x_wconf 85' lang='lat' dir='ltr'>ipsius</span> <span class='ocrx_word' id='word_1_82' title='bbox 946 825 1237 874; x_wconf 73' lang='lat' dir='ltr'>dignitatem,</span> <span class='ocrx_word' id='word_1_83' title='bbox 1287 837 1341 863; x_wconf 82' lang='lat' dir='ltr'>ex</span> <span class='ocrx_word' id='word_1_84' title='bbox 1390 837 1442 863; x_wconf 90' lang='lat' dir='ltr'>eo</span> <span class='ocrx_word' id='word_1_85' title='bbox 1490 826 1608 875; x_wconf 80' lang='lat' dir='ltr'>quod</span> <span class='ocrx_word' id='word_1_86' title='bbox 1663 839 1743 876; x_wconf 83' lang='lat' dir='ltr'>pro</span> <span class='ocrx_word' id='word_1_87' title='bbox 1790 827 1877 866; x_wconf 81' lang='lat' dir='ltr'>lide</span> 
     </span>
     <span class='ocr_line' id='line_1_11' title="bbox 105 895 1874 947; baseline 0 -10"><span class='ocrx_word' id='word_1_88' title='bbox 105 896 335 937; x_wconf 85' lang='lat' dir='ltr'>catholica</span> <span class='ocrx_word' id='word_1_89' title='bbox 375 898 423 935; x_wconf 90' lang='lat' dir='ltr'>et</span> <span class='ocrx_word' id='word_1_90' title='bbox 459 907 538 946; x_wconf 90' lang='lat' dir='ltr'>pro</span> <span class='ocrx_word' id='word_1_91' title='bbox 578 907 627 934; x_wconf 89' lang='lat' dir='ltr'>re</span> <span class='ocrx_word' id='word_1_92' title='bbox 663 895 843 946; x_wconf 80' lang='lat' dir='ltr'>publica</span> <span class='ocrx_word' id='word_1_93' title='bbox 876 896 1026 942; x_wconf 59' lang='lat' dir='ltr'>magis</span> <span class='ocrx_word' id='word_1_94' title='bbox 1068 895 1124 935; x_wconf 74' lang='lat' dir='ltr'>ab</span> <span class='ocrx_word' id='word_1_95' title='bbox 1160 896 1352 945; x_wconf 82' lang='lat' dir='ltr'>antiquo</span> <span class='ocrx_word' id='word_1_96' title='bbox 1386 908 1525 945; x_wconf 77' lang='lat' dir='ltr'>passa</span> <span class='ocrx_word' id='word_1_97' title='bbox 1564 899 1650 936; x_wconf 79' lang='lat' dir='ltr'>est.</span> <span class='ocrx_word' id='word_1_98' title='bbox 1691 900 1732 936; x_wconf 84' lang='lat' dir='ltr'>et</span> <span class='ocrx_word' id='word_1_99' title='bbox 1772 898 1874 947; x_wconf 77' lang='lat' dir='ltr'>quia</span> 
     </span>
     <span class='ocr_line' id='line_1_12' title="bbox 103 966 1873 1016; baseline 0.001 -10"><span class='ocrx_word' id='word_1_100' title='bbox 103 967 268 1007; x_wconf 79' lang='lat' dir='ltr'>ibidem</span> <span class='ocrx_word' id='word_1_101' title='bbox 295 967 456 1016; x_wconf 80' lang='lat' dir='ltr'>apcius</span> <span class='ocrx_word' id='word_1_102' title='bbox 482 968 526 1006; x_wconf 87' lang='lat' dir='ltr'>et</span> <span class='ocrx_word' id='word_1_103' title='bbox 557 966 840 1016; x_wconf 88' lang='lat' dir='ltr'>solempnius</span> <span class='ocrx_word' id='word_1_104' title='bbox 866 967 1049 1006; x_wconf 83' lang='lat' dir='ltr'>videtur</span> <span class='ocrx_word' id='word_1_105' title='bbox 1072 966 1212 1006; x_wconf 80' lang='lat' dir='ltr'>locari</span> <span class='ocrx_word' id='word_1_106' title='bbox 1238 966 1497 1016; x_wconf 75' lang='lat' dir='ltr'>apostolica</span> <span class='ocrx_word' id='word_1_107' title='bbox 1524 968 1672 1006; x_wconf 80' lang='lat' dir='ltr'>sedes.</span> <span class='ocrx_word' id='word_1_108' title='bbox 1709 968 1873 1007; x_wconf 80' lang='lat' dir='ltr'>habeat</span> 
     </span>
     <span class='ocr_line' id='line_1_13' title="bbox 106 1037 1879 1089; baseline -0.001 -11"><span class='ocrx_word' id='word_1_109' title='bbox 106 1038 161 1078; x_wconf 87' lang='lat' dir='ltr'>ad</span> <span class='ocrx_word' id='word_1_110' title='bbox 205 1040 475 1089; x_wconf 88' lang='lat' dir='ltr'>perpetuum</span> <span class='ocrx_word' id='word_1_111' title='bbox 520 1037 743 1077; x_wconf 84' lang='lat' dir='ltr'>honorem</span> <span class='ocrx_word' id='word_1_112' title='bbox 788 1040 832 1076; x_wconf 88' lang='lat' dir='ltr'>et</span> <span class='ocrx_word' id='word_1_113' title='bbox 868 1037 1200 1087; x_wconf 76' lang='lat' dir='ltr'>gratitudinem</span> <span class='ocrx_word' id='word_1_114' title='bbox 1244 1038 1398 1087; x_wconf 86' lang='lat' dir='ltr'>plures</span> <span class='ocrx_word' id='word_1_115' title='bbox 1443 1037 1484 1076; x_wconf 91' lang='lat' dir='ltr'>in</span> <span class='ocrx_word' id='word_1_116' title='bbox 1530 1038 1790 1078; x_wconf 74' lang='lat' dir='ltr'>cardinales</span> <span class='ocrx_word' id='word_1_117' title='bbox 1825 1039 1879 1078; x_wconf 83' lang='lat' dir='ltr'>(le</span> 
     </span>
     <span class='ocr_line' id='line_1_14' title="bbox 106 1108 1880 1159; baseline 0.001 -11"><span class='ocrx_word' id='word_1_118' title='bbox 106 1109 343 1159; x_wconf 81' lang='lat' dir='ltr'>provincia</span> <span class='ocrx_word' id='word_1_119' title='bbox 387 1108 611 1157; x_wconf 65' lang='lat' dir='ltr'>Romana,</span> <span class='ocrx_word' id='word_1_120' title='bbox 655 1121 790 1159; x_wconf 77' lang='lat' dir='ltr'>quam</span> <span class='ocrx_word' id='word_1_121' title='bbox 838 1109 929 1148; x_wconf 88' lang='lat' dir='ltr'>sint</span> <span class='ocrx_word' id='word_1_122' title='bbox 971 1120 1026 1147; x_wconf 81' lang='lat' dir='ltr'>ex</span> <span class='ocrx_word' id='word_1_123' title='bbox 1072 1108 1171 1148; x_wconf 84' lang='lat' dir='ltr'>aliis</span> <span class='ocrx_word' id='word_1_124' title='bbox 1209 1108 1458 1158; x_wconf 77' lang='lat' dir='ltr'>provinciis</span> <span class='ocrx_word' id='word_1_125' title='bbox 1505 1109 1880 1149; x_wconf 73' lang='lat' dir='ltr'>christianitatis.</span> 
     </span>
     <span class='ocr_line' id='line_1_15' title="bbox 105 1179 1880 1226; baseline 0 -7"><span class='ocrx_word' id='word_1_126' title='bbox 105 1191 197 1220; x_wconf 92' lang='lat' dir='ltr'>non</span> <span class='ocrx_word' id='word_1_127' title='bbox 240 1181 397 1219; x_wconf 87' lang='lat' dir='ltr'>tamen</span> <span class='ocrx_word' id='word_1_128' title='bbox 441 1179 495 1219; x_wconf 90' lang='lat' dir='ltr'>de</span> <span class='ocrx_word' id='word_1_129' title='bbox 538 1191 629 1219; x_wconf 83' lang='lat' dir='ltr'>una</span> <span class='ocrx_word' id='word_1_130' title='bbox 672 1180 951 1226; x_wconf 62' lang='lat' dir='ltr'>cmznatione</span> <span class='ocrx_word' id='word_1_131' title='bbox 992 1179 1062 1218; x_wconf 78' lang='lat' dir='ltr'>vel</span> <span class='ocrx_word' id='word_1_132' title='bbox 1107 1179 1161 1218; x_wconf 87' lang='lat' dir='ltr'>de</span> <span class='ocrx_word' id='word_1_133' title='bbox 1202 1191 1289 1219; x_wconf 81' lang='lat' dir='ltr'>una</span> <span class='ocrx_word' id='word_1_134' title='bbox 1334 1179 1507 1218; x_wconf 80' lang='lat' dir='ltr'>diocesi</span> <span class='ocrx_word' id='word_1_135' title='bbox 1551 1179 1752 1219; x_wconf 79' lang='lat' dir='ltr'>habeant</span> <span class='ocrx_word' id='word_1_136' title='bbox 1798 1192 1880 1219; x_wconf 88' lang='lat' dir='ltr'>sue</span> 
     </span>
     <span class='ocr_line' id='line_1_16' title="bbox 106 1250 575 1290; baseline 0 -1"><span class='ocrx_word' id='word_1_137' title='bbox 106 1250 372 1290; x_wconf 86' lang='lat' dir='ltr'>nativitatis</span> <span class='ocrx_word' id='word_1_138' title='bbox 407 1252 575 1290; x_wconf 90' lang='lat' dir='ltr'>ortum.</span> 
     </span>
    </p>

    <p class='ocr_par' dir='ltr' id='par_1_3' title="bbox 109 1320 1895 2927">
     <span class='ocr_line' id='line_1_17' title="bbox 227 1320 1882 1371; baseline 0.001 -11"><span class='ocrx_word' id='word_1_139' title='bbox 227 1320 314 1360; x_wconf 87' lang='lat' dir='ltr'>Per</span> <span class='ocrx_word' id='word_1_140' title='bbox 337 1332 530 1371; x_wconf 89' lang='lat' dir='ltr'>presens</span> <span class='ocrx_word' id='word_1_141' title='bbox 556 1321 928 1361; x_wconf 86' lang='lat' dir='ltr'>sacratissimum</span> <span class='ocrx_word' id='word_1_142' title='bbox 951 1321 1166 1370; x_wconf 64' lang='lat' dir='ltr'>generale</span> <span class='ocrx_word' id='word_1_143' title='bbox 1193 1321 1434 1362; x_wconf 87' lang='lat' dir='ltr'>concilium</span> <span class='ocrx_word' id='word_1_144' title='bbox 1456 1321 1535 1361; x_wconf 75' lang='lat' dir='ltr'>fiat</span> <span class='ocrx_word' id='word_1_145' title='bbox 1562 1322 1882 1362; x_wconf 84' lang='lat' dir='ltr'>misericordia</span> 
     </span>
     <span class='ocr_line' id='line_1_18' title="bbox 109 1391 1881 1442; baseline 0 -10"><span class='ocrx_word' id='word_1_146' title='bbox 109 1394 157 1432; x_wconf 86' lang='lat' dir='ltr'>et</span> <span class='ocrx_word' id='word_1_147' title='bbox 189 1392 373 1442; x_wconf 78' lang='lat' dir='ltr'>equitas</span> <span class='ocrx_word' id='word_1_148' title='bbox 408 1391 621 1432; x_wconf 86' lang='lat' dir='ltr'>omnibus</span> <span class='ocrx_word' id='word_1_149' title='bbox 656 1392 918 1432; x_wconf 84' lang='lat' dir='ltr'>hominibus</span> <span class='ocrx_word' id='word_1_150' title='bbox 954 1392 1057 1432; x_wconf 86' lang='lat' dir='ltr'>boni</span> <span class='ocrx_word' id='word_1_151' title='bbox 1093 1392 1317 1442; x_wconf 74' lang='lat' dir='ltr'>propositi</span> <span class='ocrx_word' id='word_1_152' title='bbox 1344 1391 1587 1432; x_wconf 82' lang='lat' dir='ltr'>reformari</span> <span class='ocrx_word' id='word_1_153' title='bbox 1616 1393 1881 1441; x_wconf 69' lang='lat' dir='ltr'>volentium,</span> 
     </span>
     <span class='ocr_line' id='line_1_19' title="bbox 109 1463 1877 1514; baseline 0.001 -12"><span class='ocrx_word' id='word_1_154' title='bbox 109 1465 155 1502; x_wconf 88' lang='lat' dir='ltr'>et</span> <span class='ocrx_word' id='word_1_155' title='bbox 209 1463 423 1513; x_wconf 81' lang='lat' dir='ltr'>precipue</span> <span class='ocrx_word' id='word_1_156' title='bbox 478 1463 800 1503; x_wconf 78' lang='lat' dir='ltr'>consideretur</span> <span class='ocrx_word' id='word_1_157' title='bbox 853 1463 1082 1512; x_wconf 62' lang='lat' dir='ltr'>condigna</span> <span class='ocrx_word' id='word_1_158' title='bbox 1137 1464 1463 1513; x_wconf 81' lang='lat' dir='ltr'>compensacio</span> <span class='ocrx_word' id='word_1_159' title='bbox 1512 1464 1735 1514; x_wconf 72' lang='lat' dir='ltr'>equitatis</span> <span class='ocrx_word' id='word_1_160' title='bbox 1777 1476 1877 1503; x_wconf 84' lang='lat' dir='ltr'>cum</span> 
     </span>
     <span class='ocr_line' id='line_1_20' title="bbox 110 1533 1884 1585; baseline 0.001 -12"><span class='ocrx_word' id='word_1_161' title='bbox 110 1533 514 1574; x_wconf 82' lang='lat' dir='ltr'>reverendissimis</span> <span class='ocrx_word' id='word_1_162' title='bbox 561 1534 604 1573; x_wconf 91' lang='lat' dir='ltr'>in</span> <span class='ocrx_word' id='word_1_163' title='bbox 649 1534 834 1573; x_wconf 69' lang='lat' dir='ltr'>(¹11risto</span> <span class='ocrx_word' id='word_1_164' title='bbox 894 1533 1105 1584; x_wconf 77' lang='lat' dir='ltr'>patribus</span> <span class='ocrx_word' id='word_1_165' title='bbox 1155 1534 1353 1573; x_wconf 87' lang='lat' dir='ltr'>dominis</span> <span class='ocrx_word' id='word_1_166' title='bbox 1405 1534 1731 1585; x_wconf 66' lang='lat' dir='ltr'>camlinalibus,</span> <span class='ocrx_word' id='word_1_167' title='bbox 1780 1535 1884 1584; x_wconf 82' lang='lat' dir='ltr'>quia</span> 
     </span>
     <span class='ocr_line' id='line_1_21' title="bbox 110 1605 1885 1655; baseline 0 -11"><span class='ocrx_word' id='word_1_168' title='bbox 110 1605 197 1655; x_wconf 90' lang='lat' dir='ltr'>ipsi</span> <span class='ocrx_word' id='word_1_169' title='bbox 232 1606 355 1655; x_wconf 64' lang='lat' dir='ltr'>sunt,</span> <span class='ocrx_word' id='word_1_170' title='bbox 390 1605 463 1655; x_wconf 88' lang='lat' dir='ltr'>qui</span> <span class='ocrx_word' id='word_1_171' title='bbox 499 1616 549 1644; x_wconf 88' lang='lat' dir='ltr'>se</span> <span class='ocrx_word' id='word_1_172' title='bbox 573 1605 700 1655; x_wconf 89' lang='lat' dir='ltr'>ipsos</span> <span class='ocrx_word' id='word_1_173' title='bbox 725 1608 767 1644; x_wconf 88' lang='lat' dir='ltr'>et</span> <span class='ocrx_word' id='word_1_174' title='bbox 797 1605 951 1644; x_wconf 81' lang='lat' dir='ltr'>omnia</span> <span class='ocrx_word' id='word_1_175' title='bbox 973 1616 1057 1644; x_wconf 86' lang='lat' dir='ltr'>sua</span> <span class='ocrx_word' id='word_1_176' title='bbox 1082 1607 1398 1655; x_wconf 82' lang='lat' dir='ltr'>exposuerunt</span> <span class='ocrx_word' id='word_1_177' title='bbox 1425 1605 1645 1645; x_wconf 83' lang='lat' dir='ltr'>maximis</span> <span class='ocrx_word' id='word_1_178' title='bbox 1671 1605 1885 1655; x_wconf 85' lang='lat' dir='ltr'>periculis</span> 
     </span>
     <span class='ocr_line' id='line_1_22' title="bbox 111 1675 1886 1725; baseline 0 -11"><span class='ocrx_word' id='word_1_179' title='bbox 111 1687 194 1725; x_wconf 90' lang='lat' dir='ltr'>pro</span> <span class='ocrx_word' id='word_1_180' title='bbox 229 1676 396 1715; x_wconf 87' lang='lat' dir='ltr'>sancta</span> <span class='ocrx_word' id='word_1_181' title='bbox 429 1675 597 1715; x_wconf 89' lang='lat' dir='ltr'>unione</span> <span class='ocrx_word' id='word_1_182' title='bbox 631 1675 841 1716; x_wconf 85' lang='lat' dir='ltr'>ecclesie.</span> <span class='ocrx_word' id='word_1_183' title='bbox 867 1687 1001 1725; x_wconf 81' lang='lat' dir='ltr'>quam</span> <span class='ocrx_word' id='word_1_184' title='bbox 1037 1676 1267 1725; x_wconf 80' lang='lat' dir='ltr'>quondam</span> <span class='ocrx_word' id='word_1_185' title='bbox 1295 1676 1499 1725; x_wconf 88' lang='lat' dir='ltr'>ipsorum</span> <span class='ocrx_word' id='word_1_186' title='bbox 1528 1676 1886 1725; x_wconf 80' lang='lat' dir='ltr'>predecessores</span> 
     </span>
     <span class='ocr_line' id='line_1_23' title="bbox 112 1745 1886 1796; baseline -0.001 -11"><span class='ocrx_word' id='word_1_187' title='bbox 112 1747 160 1785; x_wconf 91' lang='lat' dir='ltr'>et</span> <span class='ocrx_word' id='word_1_188' title='bbox 190 1745 342 1785; x_wconf 90' lang='lat' dir='ltr'>nullus</span> <span class='ocrx_word' id='word_1_189' title='bbox 377 1746 581 1795; x_wconf 88' lang='lat' dir='ltr'>ipsorum</span> <span class='ocrx_word' id='word_1_190' title='bbox 618 1757 698 1795; x_wconf 89' lang='lat' dir='ltr'>per</span> <span class='ocrx_word' id='word_1_191' title='bbox 731 1746 904 1785; x_wconf 84' lang='lat' dir='ltr'>scisma</span> <span class='ocrx_word' id='word_1_192' title='bbox 948 1745 1277 1785; x_wconf 70' lang='lat' dir='ltr'>miserabiliter</span> <span class='ocrx_word' id='word_1_193' title='bbox 1317 1746 1589 1796; x_wconf 68' lang='lat' dir='ltr'>diviserunt,</span> <span class='ocrx_word' id='word_1_194' title='bbox 1625 1747 1886 1786; x_wconf 85' lang='lat' dir='ltr'>resistendo</span> 
     </span>
     <span class='ocr_line' id='line_1_24' title="bbox 113 1816 1887 1867; baseline -0.001 -11"><span class='ocrx_word' id='word_1_195' title='bbox 113 1828 260 1867; x_wconf 90' lang='lat' dir='ltr'>usque</span> <span class='ocrx_word' id='word_1_196' title='bbox 301 1816 358 1856; x_wconf 90' lang='lat' dir='ltr'>ad</span> <span class='ocrx_word' id='word_1_197' title='bbox 404 1818 600 1856; x_wconf 86' lang='lat' dir='ltr'>mortem</span> <span class='ocrx_word' id='word_1_198' title='bbox 652 1816 801 1856; x_wconf 86' lang='lat' dir='ltr'>tribus</span> <span class='ocrx_word' id='word_1_199' title='bbox 858 1816 1201 1866; x_wconf 87' lang='lat' dir='ltr'>potentissimis</span> <span class='ocrx_word' id='word_1_200' title='bbox 1252 1816 1451 1856; x_wconf 88' lang='lat' dir='ltr'>dominis</span> <span class='ocrx_word' id='word_1_201' title='bbox 1502 1816 1755 1856; x_wconf 80' lang='lat' dir='ltr'>obstinatis</span> <span class='ocrx_word' id='word_1_202' title='bbox 1806 1829 1887 1867; x_wconf 91' lang='lat' dir='ltr'>pro</span> 
     </span>
     <span class='ocr_line' id='line_1_25' title="bbox 115 1886 1889 1937; baseline -0.001 -10"><span class='ocrx_word' id='word_1_203' title='bbox 115 1888 288 1937; x_wconf 81' lang='lat' dir='ltr'>papatu</span> <span class='ocrx_word' id='word_1_204' title='bbox 344 1886 746 1927; x_wconf 83' lang='lat' dir='ltr'>contendentibus.</span> <span class='ocrx_word' id='word_1_205' title='bbox 827 1887 914 1937; x_wconf 89' lang='lat' dir='ltr'>Ipsi</span> <span class='ocrx_word' id='word_1_206' title='bbox 971 1890 1093 1927; x_wconf 81' lang='lat' dir='ltr'>sunt.</span> <span class='ocrx_word' id='word_1_207' title='bbox 1148 1899 1229 1937; x_wconf 89' lang='lat' dir='ltr'>per</span> <span class='ocrx_word' id='word_1_208' title='bbox 1282 1899 1398 1937; x_wconf 88' lang='lat' dir='ltr'>quos</span> <span class='ocrx_word' id='word_1_209' title='bbox 1449 1888 1642 1937; x_wconf 87' lang='lat' dir='ltr'>spiritus</span> <span class='ocrx_word' id='word_1_210' title='bbox 1693 1890 1889 1928; x_wconf 78' lang='lat' dir='ltr'>sanctus</span> 
     </span>
     <span class='ocr_line' id='line_1_26' title="bbox 116 1957 1889 2008; baseline 0 -11"><span class='ocrx_word' id='word_1_211' title='bbox 116 1957 349 2008; x_wconf 78' lang='lat' dir='ltr'>Pysanum</span> <span class='ocrx_word' id='word_1_212' title='bbox 387 1957 628 1997; x_wconf 88' lang='lat' dir='ltr'>concilium</span> <span class='ocrx_word' id='word_1_213' title='bbox 672 1958 991 2008; x_wconf 70' lang='lat' dir='ltr'>congregavit,</span> <span class='ocrx_word' id='word_1_214' title='bbox 1033 1970 1088 1997; x_wconf 85' lang='lat' dir='ltr'>ex</span> <span class='ocrx_word' id='word_1_215' title='bbox 1123 1969 1212 2008; x_wconf 82' lang='lat' dir='ltr'>quo</span> <span class='ocrx_word' id='word_1_216' title='bbox 1260 1970 1445 1998; x_wconf 85' lang='lat' dir='ltr'>sacrum</span> <span class='ocrx_word' id='word_1_217' title='bbox 1495 1958 1735 1998; x_wconf 87' lang='lat' dir='ltr'>concilium</span> <span class='ocrx_word' id='word_1_218' title='bbox 1774 1960 1889 1997; x_wconf 77' lang='lat' dir='ltr'>(&#39;on-</span> 
     </span>
     <span class='ocr_line' id='line_1_27' title="bbox 116 2026 1887 2079; baseline 0.001 -11"><span class='ocrx_word' id='word_1_219' title='bbox 116 2028 384 2068; x_wconf 81' lang='lat' dir='ltr'>stanciense</span> <span class='ocrx_word' id='word_1_220' title='bbox 418 2026 771 2068; x_wconf 86' lang='lat' dir='ltr'>fundamentum</span> <span class='ocrx_word' id='word_1_221' title='bbox 808 2030 855 2067; x_wconf 87' lang='lat' dir='ltr'>et</span> <span class='ocrx_word' id='word_1_222' title='bbox 889 2028 1029 2068; x_wconf 86' lang='lat' dir='ltr'>robur</span> <span class='ocrx_word' id='word_1_223' title='bbox 1076 2029 1297 2079; x_wconf 76' lang='lat' dir='ltr'>suscepit7</span> <span class='ocrx_word' id='word_1_224' title='bbox 1332 2029 1416 2079; x_wconf 89' lang='lat' dir='ltr'>ipsi</span> <span class='ocrx_word' id='word_1_225' title='bbox 1454 2032 1561 2069; x_wconf 88' lang='lat' dir='ltr'>sunt</span> <span class='ocrx_word' id='word_1_226' title='bbox 1605 2041 1749 2069; x_wconf 77' lang='lat' dir='ltr'>causa</span> <span class='ocrx_word' id='word_1_227' title='bbox 1783 2032 1887 2079; x_wconf 87' lang='lat' dir='ltr'>post</span> 
     </span>
     <span class='ocr_line' id='line_1_28' title="bbox 116 2094 1887 2150; baseline 0 -12"><span class='ocrx_word' id='word_1_228' title='bbox 116 2098 262 2139; x_wconf 87' lang='lat' dir='ltr'>Deum</span> <span class='ocrx_word' id='word_1_229' title='bbox 303 2101 349 2139; x_wconf 87' lang='lat' dir='ltr'>et</span> <span class='ocrx_word' id='word_1_230' title='bbox 383 2099 822 2149; x_wconf 77' lang='lat' dir='ltr'>gloriosissimum²¹)</span> <span class='ocrx_word' id='word_1_231' title='bbox 863 2098 1179 2139; x_wconf 79' lang='lat' dir='ltr'>Romanorum</span> <span class='ocrx_word' id='word_1_232' title='bbox 1225 2102 1269 2138; x_wconf 90' lang='lat' dir='ltr'>et</span> <span class='ocrx_word' id='word_1_233' title='bbox 1319 2099 1516 2149; x_wconf 67' lang='lat' dir='ltr'>l&#39;ngarie</span> <span class='ocrx_word' id='word_1_234' title='bbox 1562 2094 1688 2149; x_wconf 81' lang='lat' dir='ltr'>etc.&#39;&#39;)</span> <span class='ocrx_word' id='word_1_235' title='bbox 1734 2111 1887 2150; x_wconf 78' lang='lat' dir='ltr'>regem</span> 
     </span>
     <span class='ocr_line' id='line_1_29' title="bbox 117 2168 1891 2220; baseline 0 -11"><span class='ocrx_word' id='word_1_236' title='bbox 117 2168 461 2219; x_wconf 79' lang='lat' dir='ltr'>Sigismundmn</span> <span class='ocrx_word' id='word_1_237' title='bbox 494 2170 695 2210; x_wconf 90' lang='lat' dir='ltr'>omnium</span> <span class='ocrx_word' id='word_1_238' title='bbox 725 2170 964 2219; x_wconf 63' lang='lat' dir='ltr'>bonorum,</span> <span class='ocrx_word' id='word_1_239' title='bbox 989 2182 1075 2220; x_wconf 85' lang='lat' dir='ltr'>que</span> <span class='ocrx_word' id='word_1_240' title='bbox 1109 2182 1164 2210; x_wconf 84' lang='lat' dir='ltr'>ex</span> <span class='ocrx_word' id='word_1_241' title='bbox 1194 2171 1400 2220; x_wconf 78' lang='lat' dir='ltr'>presenti</span> <span class='ocrx_word' id='word_1_242' title='bbox 1436 2182 1572 2210; x_wconf 83' lang='lat' dir='ltr'>sacro</span> <span class='ocrx_word' id='word_1_243' title='bbox 1601 2171 1794 2210; x_wconf 88' lang='lat' dir='ltr'>concilio</span> <span class='ocrx_word' id='word_1_244' title='bbox 1821 2183 1891 2209; x_wconf 82' lang='lat' dir='ltr'>se-</span> 
     </span>
     <span class='ocr_line' id='line_1_30' title="bbox 118 2240 1892 2292; baseline 0 -12"><span class='ocrx_word' id='word_1_245' title='bbox 118 2242 334 2291; x_wconf 78' lang='lat' dir='ltr'>quuntur⁷</span> <span class='ocrx_word' id='word_1_246' title='bbox 368 2240 454 2290; x_wconf 90' lang='lat' dir='ltr'>ipsi</span> <span class='ocrx_word' id='word_1_247' title='bbox 480 2242 602 2289; x_wconf 70' lang='lat' dir='ltr'>sunt„</span> <span class='ocrx_word' id='word_1_248' title='bbox 637 2240 711 2290; x_wconf 88' lang='lat' dir='ltr'>qui</span> <span class='ocrx_word' id='word_1_249' title='bbox 741 2252 877 2280; x_wconf 78' lang='lat' dir='ltr'>sacro</span> <span class='ocrx_word' id='word_1_250' title='bbox 903 2241 1096 2281; x_wconf 87' lang='lat' dir='ltr'>concilio</span> <span class='ocrx_word' id='word_1_251' title='bbox 1122 2241 1391 2291; x_wconf 64' lang='lat' dir='ltr'>astiterunt,</span> <span class='ocrx_word' id='word_1_252' title='bbox 1417 2242 1537 2292; x_wconf 86' lang='lat' dir='ltr'>quod</span> <span class='ocrx_word' id='word_1_253' title='bbox 1564 2241 1685 2281; x_wconf 78' lang='lat' dir='ltr'>alma</span> <span class='ocrx_word' id='word_1_254' title='bbox 1711 2241 1892 2281; x_wconf 81' lang='lat' dir='ltr'>christi-</span> 
     </span>
     <span class='ocr_line' id='line_1_31' title="bbox 118 2308 1891 2362; baseline 0 -12"><span class='ocrx_word' id='word_1_255' title='bbox 118 2311 274 2351; x_wconf 85' lang='lat' dir='ltr'>anitas</span> <span class='ocrx_word' id='word_1_256' title='bbox 309 2324 335 2351; x_wconf 91' lang='lat' dir='ltr'>a</span> <span class='ocrx_word' id='word_1_257' title='bbox 368 2312 479 2351; x_wconf 85' lang='lat' dir='ltr'>viris</span> <span class='ocrx_word' id='word_1_258' title='bbox 514 2311 690 2351; x_wconf 89' lang='lat' dir='ltr'>dolosis</span> <span class='ocrx_word' id='word_1_259' title='bbox 725 2315 768 2351; x_wconf 83' lang='lat' dir='ltr'>et</span> <span class='ocrx_word' id='word_1_260' title='bbox 810 2308 1026 2362; x_wconf 86' lang='lat' dir='ltr'>iniquis¹)</span> <span class='ocrx_word' id='word_1_261' title='bbox 1060 2312 1280 2354; x_wconf 73' lang='lat' dir='ltr'>Haltazar</span> <span class='ocrx_word' id='word_1_262' title='bbox 1319 2312 1373 2351; x_wconf 82' lang='lat' dir='ltr'>(le</span> <span class='ocrx_word' id='word_1_263' title='bbox 1415 2313 1542 2352; x_wconf 73' lang='lat' dir='ltr'>(¹oxa</span> <span class='ocrx_word' id='word_1_264' title='bbox 1581 2314 1625 2351; x_wconf 87' lang='lat' dir='ltr'>et</span> <span class='ocrx_word' id='word_1_265' title='bbox 1666 2312 1803 2351; x_wconf 79' lang='lat' dir='ltr'>Petro</span> <span class='ocrx_word' id='word_1_266' title='bbox 1837 2311 1891 2350; x_wconf 85' lang='lat' dir='ltr'>de</span> 
     </span>
     <span class='ocr_line' id='line_1_32' title="bbox 121 2381 1889 2432; baseline 0 -12"><span class='ocrx_word' id='word_1_267' title='bbox 121 2381 246 2422; x_wconf 84' lang='lat' dir='ltr'>Luna</span> <span class='ocrx_word' id='word_1_268' title='bbox 283 2382 439 2422; x_wconf 83' lang='lat' dir='ltr'>extitit</span> <span class='ocrx_word' id='word_1_269' title='bbox 473 2382 627 2421; x_wconf 79' lang='lat' dir='ltr'>divino</span> <span class='ocrx_word' id='word_1_270' title='bbox 663 2382 831 2422; x_wconf 80' lang='lat' dir='ltr'>auxilio</span> <span class='ocrx_word' id='word_1_271' title='bbox 858 2382 1067 2422; x_wconf 81' lang='lat' dir='ltr'>liberata.</span> <span class='ocrx_word' id='word_1_272' title='bbox 1136 2383 1222 2432; x_wconf 90' lang='lat' dir='ltr'>lpsi</span> <span class='ocrx_word' id='word_1_273' title='bbox 1247 2384 1370 2428; x_wconf 72' lang='lat' dir='ltr'>sunt,</span> <span class='ocrx_word' id='word_1_274' title='bbox 1396 2383 1468 2432; x_wconf 89' lang='lat' dir='ltr'>qui</span> <span class='ocrx_word' id='word_1_275' title='bbox 1495 2394 1544 2421; x_wconf 90' lang='lat' dir='ltr'>se</span> <span class='ocrx_word' id='word_1_276' title='bbox 1580 2383 1635 2422; x_wconf 82' lang='lat' dir='ltr'>ad</span> <span class='ocrx_word' id='word_1_277' title='bbox 1661 2394 1889 2421; x_wconf 83' lang='lat' dir='ltr'>summam</span> 
     </span>
     <span class='ocr_line' id='line_1_33' title="bbox 119 2452 1893 2503; baseline 0 -12"><span class='ocrx_word' id='word_1_278' title='bbox 119 2452 355 2503; x_wconf 78' lang='lat' dir='ltr'>virtutem,</span> <span class='ocrx_word' id='word_1_279' title='bbox 380 2453 500 2503; x_wconf 86' lang='lat' dir='ltr'>quod</span> <span class='ocrx_word' id='word_1_280' title='bbox 524 2455 749 2503; x_wconf 84' lang='lat' dir='ltr'>perpetua</span> <span class='ocrx_word' id='word_1_281' title='bbox 775 2453 999 2493; x_wconf 83' lang='lat' dir='ltr'>memoria</span> <span class='ocrx_word' id='word_1_282' title='bbox 1024 2453 1210 2502; x_wconf 75' lang='lat' dir='ltr'>dignum</span> <span class='ocrx_word' id='word_1_283' title='bbox 1237 2455 1324 2494; x_wconf 82' lang='lat' dir='ltr'>est.</span> <span class='ocrx_word' id='word_1_284' title='bbox 1356 2456 1664 2493; x_wconf 80' lang='lat' dir='ltr'>sacrosancto</span> <span class='ocrx_word' id='word_1_285' title='bbox 1689 2453 1893 2502; x_wconf 78' lang='lat' dir='ltr'>generali</span> 
     </span>
     <span class='ocr_line' id='line_1_34' title="bbox 121 2519 1893 2574; baseline 0 -12"><span class='ocrx_word' id='word_1_286' title='bbox 121 2523 313 2563; x_wconf 92' lang='lat' dir='ltr'>concilio</span> <span class='ocrx_word' id='word_1_287' title='bbox 341 2519 516 2574; x_wconf 71' lang='lat' dir='ltr'>‘sepius</span> <span class='ocrx_word' id='word_1_288' title='bbox 566 2524 743 2574; x_wconf 86' lang='lat' dir='ltr'>publice</span> <span class='ocrx_word' id='word_1_289' title='bbox 783 2524 1103 2565; x_wconf 84' lang='lat' dir='ltr'>exhibuerunt.</span> <span class='ocrx_word' id='word_1_290' title='bbox 1150 2524 1403 2563; x_wconf 90' lang='lat' dir='ltr'>secundum</span> <span class='ocrx_word' id='word_1_291' title='bbox 1449 2523 1775 2563; x_wconf 80' lang='lat' dir='ltr'>excellenciam</span> <span class='ocrx_word' id='word_1_292' title='bbox 1824 2523 1893 2563; x_wconf 92' lang='lat' dir='ltr'>sui</span> 
     </span>
     <span class='ocr_line' id='line_1_35' title="bbox 119 2594 1893 2645; baseline 0 -12"><span class='ocrx_word' id='word_1_293' title='bbox 119 2595 277 2634; x_wconf 86' lang='lat' dir='ltr'>status</span> <span class='ocrx_word' id='word_1_294' title='bbox 302 2606 352 2634; x_wconf 90' lang='lat' dir='ltr'>se</span> <span class='ocrx_word' id='word_1_295' title='bbox 375 2594 766 2635; x_wconf 88' lang='lat' dir='ltr'>excellentissime</span> <span class='ocrx_word' id='word_1_296' title='bbox 790 2595 1086 2645; x_wconf 75' lang='lat' dir='ltr'>humiliando,</span> <span class='ocrx_word' id='word_1_297' title='bbox 1111 2596 1325 2645; x_wconf 86' lang='lat' dir='ltr'>petentes</span> <span class='ocrx_word' id='word_1_298' title='bbox 1351 2594 1505 2643; x_wconf 86' lang='lat' dir='ltr'>sepius</span> <span class='ocrx_word' id='word_1_299' title='bbox 1530 2608 1555 2634; x_wconf 78' lang='lat' dir='ltr'>a</span> <span class='ocrx_word' id='word_1_300' title='bbox 1585 2599 1893 2633; x_wconf 83' lang='lat' dir='ltr'>sacrosancto</span> 
     </span>
     <span class='ocr_line' id='line_1_36' title="bbox 121 2664 1894 2716; baseline -0.001 -12"><span class='ocrx_word' id='word_1_301' title='bbox 121 2664 315 2705; x_wconf 88' lang='lat' dir='ltr'>concilio</span> <span class='ocrx_word' id='word_1_302' title='bbox 356 2665 426 2705; x_wconf 89' lang='lat' dir='ltr'>sui</span> <span class='ocrx_word' id='word_1_303' title='bbox 467 2667 624 2705; x_wconf 86' lang='lat' dir='ltr'>status</span> <span class='ocrx_word' id='word_1_304' title='bbox 665 2667 711 2705; x_wconf 87' lang='lat' dir='ltr'>et</span> <span class='ocrx_word' id='word_1_305' title='bbox 754 2677 942 2705; x_wconf 85' lang='lat' dir='ltr'>suarum</span> <span class='ocrx_word' id='word_1_306' title='bbox 988 2677 1293 2716; x_wconf 84' lang='lat' dir='ltr'>personarum</span> <span class='ocrx_word' id='word_1_307' title='bbox 1335 2665 1739 2705; x_wconf 78' lang='lat' dir='ltr'>reformacionem.</span> <span class='ocrx_word' id='word_1_308' title='bbox 1806 2664 1894 2714; x_wconf 90' lang='lat' dir='ltr'>Ipsi</span> 
     </span>
     <span class='ocr_line' id='line_1_37' title="bbox 123 2734 1895 2785; baseline 0.001 -11"><span class='ocrx_word' id='word_1_309' title='bbox 123 2736 245 2785; x_wconf 69' lang='lat' dir='ltr'>sunt,</span> <span class='ocrx_word' id='word_1_310' title='bbox 280 2735 353 2785; x_wconf 92' lang='lat' dir='ltr'>qui</span> <span class='ocrx_word' id='word_1_311' title='bbox 388 2738 626 2776; x_wconf 82' lang='lat' dir='ltr'>tractatus</span> <span class='ocrx_word' id='word_1_312' title='bbox 659 2736 1014 2775; x_wconf 81' lang='lat' dir='ltr'>resorlnacionis</span> <span class='ocrx_word' id='word_1_313' title='bbox 1054 2736 1249 2776; x_wconf 85' lang='lat' dir='ltr'>ecclesie</span> <span class='ocrx_word' id='word_1_314' title='bbox 1291 2737 1335 2775; x_wconf 88' lang='lat' dir='ltr'>et</span> <span class='ocrx_word' id='word_1_315' title='bbox 1372 2735 1585 2785; x_wconf 89' lang='lat' dir='ltr'>precipue</span> <span class='ocrx_word' id='word_1_316' title='bbox 1635 2735 1758 2775; x_wconf 84' lang='lat' dir='ltr'>curie</span> <span class='ocrx_word' id='word_1_317' title='bbox 1807 2734 1895 2775; x_wconf 76' lang='lat' dir='ltr'>Ho-</span> 
     </span>
     <span class='ocr_line' id='line_1_38' title="bbox 122 2804 1895 2855; baseline 0.001 -11"><span class='ocrx_word' id='word_1_318' title='bbox 122 2816 258 2845; x_wconf 87' lang='lat' dir='ltr'>mane</span> <span class='ocrx_word' id='word_1_319' title='bbox 292 2804 592 2845; x_wconf 88' lang='lat' dir='ltr'>fidelissimos</span> <span class='ocrx_word' id='word_1_320' title='bbox 626 2808 735 2846; x_wconf 84' lang='lat' dir='ltr'>ante</span> <span class='ocrx_word' id='word_1_321' title='bbox 769 2806 923 2855; x_wconf 88' lang='lat' dir='ltr'>plures</span> <span class='ocrx_word' id='word_1_322' title='bbox 958 2818 1106 2846; x_wconf 85' lang='lat' dir='ltr'>annos</span> <span class='ocrx_word' id='word_1_323' title='bbox 1141 2809 1187 2846; x_wconf 91' lang='lat' dir='ltr'>et</span> <span class='ocrx_word' id='word_1_324' title='bbox 1211 2806 1355 2846; x_wconf 78' lang='lat' dir='ltr'>eciam</span> <span class='ocrx_word' id='word_1_325' title='bbox 1390 2806 1432 2845; x_wconf 94' lang='lat' dir='ltr'>in</span> <span class='ocrx_word' id='word_1_326' title='bbox 1464 2805 1669 2855; x_wconf 79' lang='lat' dir='ltr'>presenti</span> <span class='ocrx_word' id='word_1_327' title='bbox 1702 2805 1895 2845; x_wconf 89' lang='lat' dir='ltr'>concilio</span> 
     </span>
     <span class='ocr_line' id='line_1_39' title="bbox 125 2874 1893 2927; baseline 0.001 -14"><span class='ocrx_word' id='word_1_328' title='bbox 125 2874 496 2925; x_wconf 81' lang='lat' dir='ltr'>divulgaverunt.</span> <span class='ocrx_word' id='word_1_329' title='bbox 532 2876 621 2926; x_wconf 91' lang='lat' dir='ltr'>Ipsi</span> <span class='ocrx_word' id='word_1_330' title='bbox 646 2879 769 2927; x_wconf 71' lang='lat' dir='ltr'>sunt,</span> <span class='ocrx_word' id='word_1_331' title='bbox 804 2877 878 2926; x_wconf 85' lang='lat' dir='ltr'>qui</span> <span class='ocrx_word' id='word_1_332' title='bbox 910 2880 1100 2926; x_wconf 83' lang='lat' dir='ltr'>propter</span> <span class='ocrx_word' id='word_1_333' title='bbox 1124 2876 1241 2916; x_wconf 84' lang='lat' dir='ltr'>hanc</span> <span class='ocrx_word' id='word_1_334' title='bbox 1276 2879 1631 2916; x_wconf 76' lang='lat' dir='ltr'>sacrosanctam</span> <span class='ocrx_word' id='word_1_335' title='bbox 1665 2875 1893 2925; x_wconf 80' lang='lat' dir='ltr'>synodum</span> 
     </span>
    </p>
   </div>
   <div class='ocr_carea' id='block_1_3' title="bbox 243 2987 821 3089">
    <p class='ocr_par' dir='ltr' id='par_1_4' title="bbox 243 2987 821 3089">
     <span class='ocr_line' id='line_1_40' title="bbox 243 2987 821 3020; baseline 0 -8"><span class='ocrx_word' id='word_1_336' title='bbox 243 2988 275 3019; x_wconf 83' lang='lat' dir='ltr'>a)</span> <span class='ocrx_word' id='word_1_337' title='bbox 296 2988 343 3013; x_wconf 76' lang='lat' dir='ltr'>BJ·</span> <span class='ocrx_word' id='word_1_338' title='bbox 364 2988 556 3019; x_wconf 64' lang='lat' dir='ltr'>gloriosum.</span> <span class='ocrx_word' id='word_1_339' title='bbox 598 2987 629 3020; x_wconf 84' lang='lat' dir='ltr'>b)</span> <span class='ocrx_word' id='word_1_340' title='bbox 652 2988 746 3015; x_wconf 72' lang='lat' dir='ltr'>Fehlt</span> <span class='ocrx_word' id='word_1_341' title='bbox 770 2989 821 3015; x_wconf 70' lang='grc' dir='ltr'>Ην,</span> 
     </span>
     <span class='ocr_line' id='line_1_41' title="bbox 245 3047 500 3089; baseline 0.004 -9"><span class='ocrx_word' id='word_1_342' title='bbox 245 3047 269 3089; x_wconf 86' lang='lat'>¹)</span> <span class='ocrx_word' id='word_1_343' title='bbox 298 3048 357 3082; x_wconf 81' lang='lat' dir='ltr'>Ps.</span> <span class='ocrx_word' id='word_1_344' title='bbox 383 3050 438 3089; x_wconf 65' lang='lat'>42,</span> <span class='ocrx_word' id='word_1_345' title='bbox 470 3050 500 3081; x_wconf 88' lang='lat'>1.</span> 
     </span>
    </p>
   </div>
  </div>
 </body>
</html>
