2178 3404
318 157 404 199 654
628 167 686 200 lV.
716 167 936 201 Abschnitt.
988 167 1066 200 Der
1094 168 1425 210 Scllristencyclus
1453 180 1520 202 zur
1546 168 1780 212 Papstwahl.

316 277 575 317 cardinales
609 279 792 334 mature
827 277 1058 327 digestam
1094 279 1139 317 et
1173 277 1491 330 deliberatam,
1527 279 1656 319 cuius
1685 281 1820 321 tenor
1852 280 2088 322 infrascri-

317 348 452 388 bitur.
508 348 604 397 Ego
635 347 808 398 Symon
844 348 1092 388 cardinalis
1120 347 1411 399 Remensisa)
1444 349 1622 400 videns⁷
1656 351 1776 400 quod
1804 352 1952 391 maior
1978 365 2088 403 pars

314 419 450 458 huius
476 419 596 459 sacri
623 418 801 459 concilii
826 418 1014 459 modum
1041 419 1299 469 predictum
1325 420 1622 471 amplectitur
1649 423 1888 472 tamquam
1914 423 2087 464 iustum

314 492 357 529 et
395 491 610 529 sanctum
646 492 689 528 et
728 489 785 529 ad
813 489 1028 530 unionem
1054 490 1333 531 universalis
1358 491 1552 531 ecclesie
1577 492 1762 532 omnino
1791 492 2086 545 dispositum,

312 560 412 610 illis,
447 560 520 610 qui
556 560 675 600 hunc
710 560 898 600 modum
933 560 1190 610 predictum
1225 561 1429 601 nonduin
1466 562 1858 613 approbzwerunt⁷
1894 575 2087 614 sequen-

313 631 377 671 tia
411 630 614 671 scribere
658 630 880 681 disposui,
927 630 1181 672 obsecrans
1225 644 1306 672 eos
1350 644 1452 672 cum
1490 629 1688 683 Paulo‚¹)
1732 636 1779 673 ut
1831 634 2088 675 adimemus

312 713 474 741 omnes
508 704 555 741 et
591 713 681 741 non
726 701 816 741 sint
865 701 909 741 in
953 702 1085 742 vobis
1121 703 1360 753 scismata,
1409 703 1465 743 ad
1501 702 1766 744 Corinthios
1802 704 1830 743 Ι.
1865 718 1925 745 c.:
1972 705 2086 746 Nam

311 772 385 822 qui
421 771 604 811 sibimet
642 772 943 813 dissenciunt.
977 785 1069 813 non
1104 768 1327 819 saciunt¹')
1362 774 1621 824 concilium,
1666 774 1787 824 quod
1820 787 1911 815 non
1946 777 2088 816 senti-

310 844 389 882 unt
426 843 468 882 in
510 855 665 890 unuin,
702 843 769 883 ΙΙΙ.
806 855 842 882 c.
878 855 1055 883 canone
1089 843 1185 883 XV.
1220 840 1323 894 di.·2)
1388 844 1445 884 Et
1489 844 1709 885 scribitur
1750 845 1793 884 in
1839 844 2089 899 psalmozss)

310 913 427 953 Ecce
462 916 505 953 et
543 926 679 964 quam
705 913 874 954 bonum
911 916 955 953 et
983 923 1118 964 quain
1145 914 1392 955 iucundum
1423 914 1637 955 habitare
1660 914 1834 956 fratres
1862 916 1906 956 in
1931 928 2088 969 unuln,

307 986 351 1023 et
378 984 421 1023 in
451 984 647 1024 Actibus
677 985 999 1035 apostolorum
1025 985 1167 1025 etiam
1194 985 1436 1025 scribitur:
1466 985 1773 1025 Multitudinis
1799 987 2087 1028 credentium

307 1057 408 1095 erat
446 1067 526 1095 cor
560 1067 698 1095 unum
735 1058 779 1095 et
817 1056 971 1096 anima
995 1068 1099 1096 una.
1155 1055 1357 1096 Actuum
1394 1053 1571 1105 1v.c.⁴)
1605 1059 1649 1096 et
1687 1070 1722 1097 c.
1756 1057 2087 1099 Dilectissimis

306 1125 398 1165 ΧΠ.
435 1138 474 1176 q.
511 1126 539 1165 I.
596 1126 650 1166 Et
687 1127 838 1176 turpis
872 1128 943 1166 est
979 1138 1103 1177 pam,
1151 1138 1237 1177 que
1273 1139 1357 1166 suo
1392 1139 1482 1167 non
1519 1128 1730 1177 congruit
1766 1128 2000 1179 universo,
2035 1129 2086 1169 11-

309 1209 344 1236 c.
381 1208 467 1246 que
499 1199 663 1236 contra
701 1196 810 1236 Vlll.
846 1197 902 1237 di.

427 1278 636 1318 Predicte
663 1290 774 1319 vero
800 1279 958 1319 cedule
983 1280 1194 1330 sequitur
1218 1282 1375 1319 tenor:
1411 1278 1481 1319 Ad
1506 1280 1684 1320 laudem
1719 1313 1726 1320 .
1754 1312 1760 1319 .
1787 1313 1795 1321 .
1825 1282 2083 1332 supplente.

307 1349 364 1389 Et
399 1350 546 1399 primo
579 1349 738 1400 probo‚
789 1350 910 1400 quod
955 1350 1117 1391 cedula
1152 1351 1244 1390 ista
1280 1362 1360 1400 pro
1398 1350 1515 1390 bono
1550 1351 1678 1400 pacis
1723 1354 1767 1391 et
1804 1353 2083 1393 universalis

304 1420 499 1460 ecclesie
534 1422 605 1459 est
651 1420 707 1460 ab
743 1421 957 1461 omnibus
1002 1420 1377 1461 clnistifidelibus
1418 1421 1741 1471 amplectenda
1775 1426 1820 1462 et
1863 1424 1982 1474 quod
2018 1424 2084 1464 ita

303 1491 398 1531 fieri
435 1491 539 1531 licet
578 1492 830 1532 secundum
866 1492 1136 1542 equitatem.
1181 1492 1312 1532 decet
1358 1492 1610 1532 secundum
1647 1493 1962 1538 honestatem,
2006 1506 2083 1535 ex-

301 1563 422 1613 pedit
468 1566 659 1614 propter
693 1563 840 1603 totius
883 1563 1078 1604 ecclesie
1112 1563 1389 1611 utilitate1n;
1433 1563 1598 1613 Magne
1641 1563 1958 1614 devotionisss)
2020 1565 2079 1605 Et

304 1634 425 1684 quod
473 1636 695 1675 contenta
739 1634 782 1673 in
830 1634 991 1674 cedula
1038 1634 1245 1684 predicta
1292 1632 1389 1673 fieri
1436 1633 1573 1673 liceat
1621 1635 1836 1685 precipue
1881 1636 2080 1676 dominis

303 1705 629 1746 cardinalibus.
684 1705 739 1745 de
789 1704 954 1756 quibus
1002 1707 1103 1744 erat
1154 1704 1304 1744 maius
1355 1703 1557 1755 dubium,
1611 1707 1661 1744 ut
1713 1705 1907 1757 videtur,
1961 1707 2083 1757 quod

304 1778 496 1826 propter
560 1777 727 1817 bonum
784 1775 978 1816 ecclesie
1041 1775 1319 1815 universalis
1374 1776 1418 1814 et
1473 1786 1564 1814 non
1611 1779 1810 1826 propter
1871 1776 2080 1817 favorem

304 1847 595 1888 dominorum
644 1847 946 1887 cardinalium
995 1846 1192 1887 ecclesia
1240 1846 1487 1886 ordinavit.
1537 1847 1657 1896 quod
1705 1847 1762 1886 ad
1807 1847 1935 1897 ipsos
1982 1860 2081 1898 per-

304 1918 451 1958 tineat
486 1918 652 1959 electio
678 1930 793 1969 pape
818 1920 861 1958 et
889 1929 969 1968 per
993 1929 1285 1967 consequens
1310 1917 1569 1967 videbatur,
1605 1917 1726 1967 quod
1760 1930 1850 1958 non
1886 1921 2081 1968 possent¹

302 1989 575 2029 renunciare
609 1988 784 2029 iuribus
818 1988 1092 2029 dicentibus,
1127 1988 1248 2038 quod
1283 1988 1339 2027 ad
1373 2000 1453 2028 eos
1488 1990 1672 2038 spectat
1709 1989 1878 2038 eligere
1912 2001 2079 2040 papam

302 2070 382 2108 per
416 2072 451 2099 c.
517 2060 561 2098 Si
597 2060 799 2110 diligenti
835 2060 890 2099 de
932 2059 1034 2099 foro
1079 2056 1415 2109 cmnpetenti.⁴³)
1479 2058 1567 2098 Sed
1601 2059 1657 2098 ad
1691 2059 1777 2099 hoc
1821 2059 2079 2099 clarissime

302 2130 624 2180 respondetur.

422 2212 474 2252 Et
511 2213 658 2263 primo
703 2224 783 2263 per
826 2215 1034 2253 tenorem
1081 2212 1238 2252 cedule
1282 2212 1369 2262 ipsi
1412 2223 1503 2252 non
1537 2212 1813 2252 renunciant
1856 2213 2078 2262 predictis

300 2282 492 2333 iuribus
528 2283 609 2323 sed
644 2284 958 2333 consentiunt,
992 2285 1215 2333 quantum
1252 2283 1296 2322 in
1330 2282 1444 2332 ipsis
1469 2285 1557 2332 est7
1593 2283 1713 2332 quod
1749 2295 1935 2323 sacrum
1971 2295 2076 2323 con-

299 2353 450 2393 cilium
497 2354 717 2404 adiungat
755 2367 857 2395 cum
903 2354 1016 2404 ipsis
1051 2356 1207 2393 certos
1243 2353 1454 2393 valentes
1491 2353 1617 2393 viros
1652 2353 1694 2392 in
1728 2352 1850 2393 bono
1883 2365 2076 2394 numero

298 2424 355 2463 ad
391 2425 648 2474 eligendum
687 2437 869 2475 papam.v
904 2426 948 2464 et
986 2424 1042 2464 ad
1077 2424 1163 2464 hoc
1199 2424 1283 2474 ipsi
1319 2426 1532 2474 possunt.
1578 2426 1625 2463 ut
1662 2423 1844 2470 debent,
1880 2436 2075 2465 consen—

298 2495 399 2546 tire,
436 2508 515 2545 per
549 2509 585 2537 c.
620 2496 704 2536 Ubi
740 2496 989 2546 periculum
1027 2495 1177 2534 maius
1212 2495 1257 2534 in
1292 2496 1443 2535 sexto.
1478 2494 1595 2534 Nulli
1629 2494 1684 2535 de
1718 2495 1837 2536 elect.
1869 2495 1913 2534 in
1948 2492 2076 2546 VLJ)

416 2659 448 2685 a)
475 2656 521 2683 Hs
543 2656 771 2682 Renwnensis.
810 2655 843 2688 b)
864 2657 912 2682 Hs
934 2655 1093 2687 facilium,
1119 2656 1194 2681 Τρωΐ
1214 2656 1327 2685 agunt.

417 2716 440 2759 ¹)
472 2718 487 2749 l
518 2717 601 2751 Cor.
630 2718 659 2750 1.
688 2719 741 2750 10.

416 2776 442 2817 ”·’)
470 2777 564 2811 De'st.
595 2779 648 2812 15,
676 2787 702 2811 c.
728 2778 759 2810 2.

416 2834 444 2877 3)
470 2835 532 2869 Ps.
560 2837 638 2877 132,
666 2838 695 2869 1.

415 2893 443 2937 ⁴)
469 2896 501 2928 4.
528 2895 583 2928 32.

413 2952 439 2990 ⁵)
468 2953 574 2987 Decr.
602 2954 622 2987 I.
653 2954 721 2987 III
744 2956 764 2988 t.
793 2955 839 2987 5²4
861 2965 888 2988 c.
917 2956 948 2986 7.

411 3011 438 3053 ⁸)
467 3012 573 3046 Decr.
602 3012 623 3045 l.
652 3013 699 3045 II
721 3014 742 3046 Ι.
768 3014 792 3045 2
817 3024 843 3046 c.
874 3014 926 3046 12.

414 3070 439 3112 ⁷)
467 3071 486 3103 l.
516 3072 540 3103 I
562 3073 584 3104 t.
611 3072 634 3104 6
659 3082 685 3105 c.
712 3074 735 3103 ξι)
762 3073 844 3104 und
870 3083 896 3105 c.
924 3074 954 3104 8.
