2178 3404
268 150 353 189 314
663 160 702 191 ll.
733 159 948 191 Alisclmilt.
1002 160 1151 199 (ism-01·
1180 159 1258 192 XII.
1288 160 1363 192 und
1393 160 1464 194 das
1496 161 1639 195 Konzil.

266 410 386 455 (141)
416 409 469 450 Κ.
508 408 781 459 Sissimnmnl
813 423 873 450 (m
913 410 1084 460 aream·
1120 411 1222 451 XII.
1240 427 1249 451 .·
1299 411 1611 465 Prinziptlcllcs
1657 414 1762 455 ΜΝ»)-
1801 414 2039 467 Pnpslmm

421 481 518 520 med
550 478 872 525 Kaz'serflune.¹)
938 480 1236 533 S'igsismmedss·
1283 481 1530 536 l⁷crlangscn
1570 485 1683 526 nach
1722 484 1904 538 Reform
1943 487 2040 528 nied

422 550 580 591 l'nion.
646 550 710 591 Er
751 552 829 591 hal
870 553 985 592 alles
1026 565 1079 592 su
1126 553 1249 593 ihrer
1296 553 1672 608 Herlwc'fiiIerung]
1715 557 1863 608 φήην.
1929 556 2036 598 Nun

415 622 498 662 soll
523 621 695 674 Grcgsor
727 623 815 662 (las
838 621 971 663 Seme
1004 624 1082 663 ΜΝ
1122 624 1219 664 arud
1255 637 1329 665 ror
1361 626 1496 665 (illvm
1522 627 1641 665 sumt
1674 627 1763 666 (lcii
1794 628 2037 669 wellh‘clwn

418 693 514 734 med
545 693 805 746 gycisr‘liclwn
831 692 1027 734 Fan-stou
1054 707 1154 735 zum
1180 693 1345 736 Kouzil
1374 695 1593 736 hommem.
1648 696 1809 749 Dafv'ir
1839 699 2042 751 gevemer!

417 762 691 816 S'igyismmm
739 765 867 804 einen
921 765 1081 805 salvus
1131 766 1405 807 conductus.
1482 766 1598 807 Lorle'
1647 769 1783 808 (7413
1829 767 1930 809 Dee.
1980 771 2039 812 2).

388 845 543 878 Petersb
576 845 665 879 Cod.
691 845 718 887 f.
747 847 793 878 68
819 844 903 885 (B);
940 845 1119 889 Konigssb.
1156 846 1242 880 Cod.
1276 858 1313 890 p.
1351 850 1398 880 36
1429 848 1496 884 (C).
1548 848 1688 890 Ecm'gje
1713 847 1855 882 Stellcn
1890 849 2044 883 claraus

269 905 317 937 im
348 903 478 938 Druck
511 905 640 938 llardi‘
670 904 726 937 VI
749 907 770 936 6
797 916 832 937 η.
861 908 890 938 ὅ.

387 978 708 1029 Sigismundus
743 978 824 1019 Dei
859 980 1014 1030 gracia
1052 979 1367 1020 Romanorum
1405 992 1484 1020 rex
1520 992 1704 1031 semper
1728 984 1957 1032 augustus
1989 994 2040 1022 ac

269 1049 479 1100 Ungarie.
523 1049 759 1089 Dalmacie
805 1052 892 1091 etc.
940 1063 1020 1091 rex
1067 1051 1456 1092 reverendissimo
1503 1052 1542 1091 d.
1591 1052 1767 1103 Angelo
1814 1052 2043 1094 Forrario.

267 1132 347 1171 per
399 1120 645 1161 nonnullas
696 1123 861 1171 gentes
916 1121 1277 1162 christianitatis
1325 1121 1575 1173 Gregorius
1622 1122 1713 1162 XII.
1760 1126 2046 1174 nuncupato,

268 1191 418 1232 amico
452 1193 616 1231 nostro
652 1192 896 1232 carissimo
931 1192 1130 1233 salutem
1174 1205 1226 1233 ac
1277 1193 1490 1243 spiritum
1539 1194 1715 1234 consilii
1763 1206 1816 1235 ac
1864 1194 2045 1236 timoris

270 1262 463 1313 Domini,
499 1262 572 1313 qui
609 1263 753 1303 celum
791 1266 834 1303 et
872 1266 1044 1303 terram
1088 1264 1219 1314 regit.
1286 1264 1327 1304 Is
1373 1265 1584 1315 exemplo
1629 1265 1683 1305 de
1730 1264 2044 1315 superioribus

270 1333 326 1373 ad
360 1333 578 1374 inferiora
621 1333 887 1380 derivans²¹)
933 1334 1060 1375 sicud
1105 1335 1146 1374 in
1192 1336 1487 1375 firmamento
1535 1336 1617 1376 celi
1668 1336 1756 1377 duo
1804 1336 2044 1376 luminaria

270 1416 438 1454 magna
473 1404 732 1444 constituit.
774 1407 821 1444 ut
866 1405 1084 1445 mundum
1134 1405 1310 1446 vicibus
1358 1407 1454 1446 suis
1505 1407 1752 1450 illustrent.
1798 1407 1863 1447 sic
1911 1410 1952 1447 et
2003 1407 2045 1446 in

271 1476 408 1515 terris
442 1474 787 1515 firmamentum
824 1476 1018 1516 ecclesie
1052 1477 1297 1517 militantis
1333 1478 1582 1518 instituens
1618 1490 1719 1518 eam
1760 1478 1931 1518 habere
1968 1490 2045 1518 vo-

269 1546 348 1586 luit
386 1546 627 1597 utriusque
660 1546 813 1596 gladii.
848 1547 1127 1597 pontificalis
1163 1548 1341 1588 scilicet
1374 1552 1417 1588 et
1445 1549 1710 1599 imperialis.
1740 1551 2043 1598 potestatem.

268 1618 333 1657 ita
367 1629 526 1658 eorum
563 1617 833 1658 discernens
869 1617 1035 1659 officia.
1071 1620 1118 1658 ut
1155 1630 1313 1659 eorum
1352 1619 1611 1659 officiorum
1647 1620 1897 1660 diversitas
1922 1620 2043 1660 nulla

267 1689 351 1729 sibi
369 1683 401 1733 1’)
435 1689 710 1729 diversitate
746 1689 1015 1732 dissenciat.
1051 1690 1131 1730 sed
1166 1690 1207 1729 in
1244 1691 1481 1731 commissi
1506 1691 1785 1732 execucione
1812 1691 2046 1741 regiminis

267 1772 321 1799 ex
358 1759 495 1800 officii
531 1759 686 1800 debito
721 1760 764 1799 in
800 1760 884 1801 loci
912 1761 1091 1801 unitate
1116 1762 1399 1801 concordent
1425 1765 1468 1802 et
1497 1762 1701 1812 ipsorum
1728 1761 1885 1812 procul
1910 1761 2045 1801 dubio

269 1842 349 1880 pro
385 1830 542 1870 futura
583 1831 830 1872 concordia.
871 1832 989 1872 alter
1033 1832 1225 1872 alterius
1272 1832 1417 1873 fultus
1459 1833 1672 1883 presidiis
1715 1835 1758 1873 et
1805 1833 2045 1883 utriusque

268 1901 442 1941 mutuis
478 1904 586 1942 vota
624 1901 864 1942 favoribus
899 1903 941 1942 in
977 1903 1292 1943 defensionem
1338 1904 1520 1944 iusticie
1567 1904 1721 1944 debita
1766 1903 2046 1944 execucione

269 1972 413 2023 ipsius
449 1973 665 2013 concordi
703 1976 814 2013 voto
830 1974 860 2018 ⁰)
894 1974 1188 2016 conveniant.
1225 1986 1340 2025 opus
1376 1975 1556 2015 iusticie
1582 1974 1769 2015 liberius
1797 1976 2049 2025 operentur

269 2043 564 2093 fructumque
607 2044 865 2094 producant
915 2056 1074 2094 pacem
1120 2045 1289 2085 mundo
1335 2046 1554 2095 pariendo
1570 2040 1615 2091 d).
1660 2045 2044 2096 tranquillitatem

270 2113 542 2154 inducentes
589 2114 895 2165 foventesque
940 2116 1233 2156 concordiam
1280 2117 1487 2156 nutriant
1532 2117 1802 2167 equitatem.
1884 2115 2046 2156 Sacer-

271 2184 453 2225 docium
489 2184 713 2235 siquidem
751 2197 832 2225 seu
879 2185 1162 2236 pontificium
1212 2186 1344 2227 debet
1398 2187 1518 2237 pium
1573 2188 1617 2227 et
1653 2188 1805 2227 tutum
1856 2186 1911 2227 ad
1966 2187 2047 2226 im-

270 2255 487 2305 perialem
529 2256 804 2306 dignitatem
853 2257 1022 2302 omni⁹l
1069 2258 1374 2298 veneracione
1422 2259 1716 2299 coniunctum
1761 2257 1932 2298 habere
1979 2269 2047 2297 re-

269 2326 459 2377 fugium.
501 2329 551 2366 ut
595 2327 772 2377 imperii
820 2327 1016 2368 Romani
1063 2328 1301 2380 fastigium
1349 2332 1393 2369 et
1442 2329 1540 2369 eius
1591 2329 1771 2369 culmen
1816 2328 2045 2378 presidem

270 2397 525 2446 spiritualis
560 2398 779 2438 advocati
823 2401 871 2439 et
904 2399 1165 2440 defensoris
1209 2400 1412 2450 precipui
1457 2400 1579 2440 circa
1623 2400 1866 2440 ecclesiam
1912 2400 2049 2449 gerat

271 2468 470 2508 officium
498 2472 542 2509 et
569 2469 612 2508 iu
632 2469 777 2519 ipsius
797 2470 1070 2510 fortitudine
1091 2471 1263 2511 brachii
1290 2470 1523 2511 defensari
1543 2470 1709 2511 dehent
1728 2469 2048 2511 ecclesiastice

272 2539 513 2580 libertates
548 2542 591 2579 et
629 2541 729 2580 iura
763 2542 1067 2582 manuteneri.
1102 2542 1307 2592 ipsarum
1334 2542 1523 2582 hereses
1547 2542 1784 2592 extirpari,
1820 2543 1867 2581 ut
1895 2540 2047 2581 cultus

270 2610 373 2650 fidei
409 2610 662 2651 christiane
699 2612 945 2661 amplietur
979 2616 1021 2653 et
1051 2613 1246 2653 inimicis
1272 2613 1590 2653 consternatis
1613 2612 1819 2653 eiusdem
1844 2612 1888 2651 in
1919 2611 2047 2662 pacis

274 2681 610 2731 pulcln‘itudine
663 2681 824 2722 sedeat
874 2683 1070 2733 populus
1121 2683 1405 2723 christianus
1450 2686 1492 2723 et
1539 2684 1581 2723 in
1626 2683 1783 2734 requie
1830 2682 2049 2733 opulenta

273 2751 600 2801 conquiescat:
635 2752 877 2802 imperium
915 2766 1024 2793 vero
1059 2754 1396 2795 ecclesiasticis
1433 2754 1637 2794 adiutum
1681 2753 1931 2804 suffragiis.
1978 2764 2048 2793 se-

272 2823 395 2863 datis
430 2823 704 2873 procellosis
748 2824 977 2865 interdum
1022 2825 1363 2866 imminencium
1410 2827 1747 2875 tempestatum
1788 2823 2048 2865 turbinibus

391 2960 422 2993 a)
447 2961 472 2987 R
494 2960 633 2987 donans.
672 2961 703 2989 bl
725 2962 753 2988 R
776 2961 856 2987 sinc.
902 2962 931 2993 c)
954 2962 980 2988 Β
1001 2970 1091 2987 voce.
1130 2961 1162 2994 d)
1185 2962 1211 2988 Β
1232 2961 1396 2994 ponendo.
1436 2962 1466 2993 e)
1489 2960 1511 2988 C
1530 2969 1611 2987 cuni.

394 3022 417 3055 ¹)
451 3022 529 3064 Vql.
552 3022 742 3064 rihnliche,
763 3022 852 3055 aher
871 3023 1018 3056 andem·
1036 3022 1219 3065 sseformtc
1250 3022 1588 3062 chmtkenqs'inue
1608 3023 1649 3055 inv
1669 3022 1755 3055 (lem
1779 3020 2047 3064 Einladunys-

275 3081 465 3116 schree'beu
496 3092 547 3116 au
578 3082 624 3115 K.
654 3081 757 3116 Kar]
793 3082 849 3115 l'I.
881 3093 952 3116 conr
979 3081 1232 3122 camah-reich:
1264 3081 1396 3115 Heu-(It
1429 3081 1483 3114 ΓΙ
1508 3083 1537 3115 7.
