2178 3404
271 168 357 210 580
625 176 686 208 ΙΙΙ.
714 175 933 208 Absclmitt.
985 173 1177 207 Benedikt
1203 172 1300 206 XIII.
1329 172 1407 205 und
1441 166 1510 205 das
1538 166 1687 204 Konzil.

269 287 483 328 dominus
525 287 687 326 noster
731 296 833 325 cum
878 283 1056 325 sincere
1099 282 1269 323 mentis
1305 281 1478 322 affectu
1511 283 1559 322 et
1592 282 1791 322 caritate
1824 281 2042 332 precipua

267 358 347 398 Dei
396 357 642 398 servicium
690 366 945 405 pacemque
993 356 1041 395 et
1086 353 1457 404 tranquilitatem
1507 352 1701 393 ecclesie
1750 333 1831 392 sue
1878 352 2042 392 sancte

268 428 544 470 universalis
580 427 730 467 solum
766 438 844 476 pre
879 425 1024 466 oculis
1058 436 1240 476 gerens,
1280 423 1547 464 idemtidem
1582 425 1792 464 vestram
1826 434 2041 463 reveren—

268 500 507 540 dissimam
530 498 865 548 paternitatem
885 508 965 547 per
988 508 1074 537 nos
1094 495 1415 536 Concllensem
1435 496 1482 535 et
1501 494 1754 535 Pacensem
1780 494 2041 544 episcopos,

268 570 596 621 Segobiensem
632 571 682 608 et
714 567 1005 608 Palentinum
1050 566 1253 607 decanos
1297 567 1341 605 et
1377 564 1635 606 Johannem
1670 564 1944 605 Ferdinandi
1988 564 2042 603 de

266 640 575 691 Rupeflorida,
619 639 915 680 decretorum
950 637 1184 687 doctores7
1221 635 1593 676 ambassiatores
1628 638 1676 676 et
1709 636 2041 686 procuratores

266 711 471 751 eiusdem
507 711 546 750 d.
581 722 623 750 11.
658 709 782 760 regis
807 708 865 749 ad
899 708 1072 749 dictum
1107 708 1147 747 d.
1182 719 1224 747 11.
1259 718 1426 757 papam
1461 708 1508 746 et
1532 706 1590 746 ad
1624 706 2040 756 congregacionem

267 781 547 823 Constancie
571 792 710 831 super
737 779 944 830 negociis
968 779 1151 820 unionis
1180 778 1374 819 ecclesie
1403 777 1669 818 destinatos
1693 778 1846 828 rogat,
1879 776 2043 818 exhor-

266 855 396 895 tatur
429 855 476 893 et
510 864 610 893 cum
647 851 881 892 instancia
923 850 1080 891 debita
1112 849 1318 900 requirit,
1353 849 1572 899 quatinus
1612 860 1694 899 pro
1727 848 1809 888 Dei
1845 847 2042 887 servicio

266 927 313 964 et,
345 924 466 965 bono
499 923 682 964 unionis
716 922 912 963 ecclesie
947 933 1029 962 sue
1064 922 1227 961 sancte
1263 920 1511 970 dignemini
1552 919 1610 959 ad
1644 919 1816 959 dictam
1853 930 2042 968 congre-

265 995 508 1045 gacionem
539 993 818 1035 constancia
854 993 1016 1033 statim
1052 993 1242 1042 propter
1275 1002 1419 1041 grave
1444 990 1712 1041 periculum,
1747 989 1869 1040 quod
1902 991 1976 1030 est
1998 989 2043 1029 in

266 1078 413 1117 mora,
454 1065 764 1116 personaliter
805 1063 1025 1104 accedere
1066 1062 1137 1103 vel
1179 1062 1346 1102 saltem
1388 1063 1577 1102 vestros
1617 1060 1906 1102 sufficientes
1939 1071 2043 1111 pro-

269 1139 512 1178 curatores
548 1136 886 1185 transmittere²
923 1134 979 1175 ad
1009 1133 1308 1174 tractandum
1346 1132 1538 1183 scilicet⁷
1574 1131 1962 1173 consenciendum
1998 1134 2044 1171 et

268 1207 623 1248 assenciendum
660 1207 833 1257 pariter
857 1207 904 1245 et
938 1205 1163 1255 agendum
1196 1216 1299 1244 cum
1335 1203 1435 1244 aliis
1470 1203 1637 1243 ibidem
1664 1202 1962 1253 congregatis
1997 1204 2041 1242 et

268 1278 608 1329 congregandis
633 1277 787 1318 omnia
812 1279 855 1317 et
882 1275 1063 1327 singula
1087 1274 1371 1325 necessaria,
1396 1274 1695 1324 expedienci’a
1719 1275 1766 1313 et
1789 1273 2044 1314 accomoda

268 1351 324 1390 ad
359 1349 598 1391 scismatis
633 1348 999 1398 extirpacionem
1036 1349 1083 1387 et
1116 1358 1225 1387 vere
1259 1348 1306 1386 et
1340 1345 1599 1386 indubitate
1634 1344 1815 1385 unionis
1850 1343 2044 1384 ecclesie

268 1421 351 1461 sub
386 1421 521 1461 unico
561 1422 608 1460 et
646 1418 909 1459 indubitato
951 1430 1133 1458 summo
1174 1416 1391 1467 pontifice
1427 1415 1597 1456 Christi
1637 1414 1812 1455 vicario
1852 1414 2044 1455 redduc-

267 1492 463 1541 tionem;
507 1491 623 1532 alias
664 1492 821 1531 autem
862 1488 1073 1540 prefatus
1114 1499 1194 1528 rex
1237 1486 1585 1527 illustrissimus
1626 1486 1840 1526 dominus
1880 1486 2045 1526 noster

266 1574 445 1613 nosque
463 1561 633 1612 prefati
653 1561 723 1602 sui
742 1560 1115 1601 ambassiatores
1134 1560 1182 1599 et
1202 1560 1533 1608 procuratores
1552 1557 1650 1597 eius
1671 1557 1770 1597 vice
1789 1558 1836 1596 et
1858 1556 2043 1597 nomine

267 1633 445 1674 meliori
479 1633 631 1683 modo,
666 1644 754 1682 quo
788 1632 948 1682 potest
980 1632 1028 1671 et
1062 1630 1213 1680 debet,
1248 1640 1501 1680 possumus
1536 1630 1583 1669 et
1617 1627 1854 1679 debemus,
1889 1628 2043 1678 prote-

268 1706 424 1744 statur
457 1705 501 1744 et
527 1705 849 1754 protestamur
873 1702 927 1742 de
952 1702 1074 1742 omni
1099 1702 1196 1741 iure
1231 1699 1510 1740 universalis
1538 1699 1733 1740 ecclesie
1767 1701 1813 1739 et
1837 1698 2044 1749 alterius,

272 1775 401 1816 cuius
434 1775 618 1815 intersit
655 1776 701 1815 et
735 1774 789 1813 de
822 1773 1102 1814 recurrendo
1143 1771 1201 1812 ad
1235 1771 1390 1811 onmia
1424 1770 1536 1810 iuris
1571 1770 1773 1810 remedia
1808 1769 1964 1810 debita
1997 1770 2041 1809 et

271 1847 513 1897 premissa.

270 1999 389 2052 (250)
419 1998 621 2040 Auru-or(
667 1998 748 2039 der
796 1996 1060 2038 Kardim'ilc
1107 1996 1201 2048 (mf
1242 1996 1316 2036 (lic
1363 1993 1648 2047 Requi-sistet?
1697 1994 1913 2034 Johanns
1958 2005 2045 2033 'ron

416 2069 668 2111 Jx'astile'ew:
704 2066 778 2109 Se'e
810 2068 970 2109 lclmcn
1007 2068 1096 2108 (len
1119 2066 1296 2107 Resncle
1332 2066 1411 2106 des
1434 2064 1719 2105 Ketis-tamer
1750 2062 1941 2105 Konsils
1971 2064 2045 2104 als

415 2142 500 2195 fiir
531 2142 596 2181 sie
628 2139 888 2192 wirnecyletele
924 2138 994 2179 ab.
1061 2136 1214 2185 (1416)
1246 2137 1365 2177 ‘nach
1400 2135 1643 2176 Dezember
1676 2138 1742 2176 15.

389 2223 496 2257 Rom.
528 2222 614 2255 Vnt.
642 2221 749 2255 Bibl..
782 2220 870 2254 Coa.
898 2220 1111 2253 Barbcrini
1138 2218 1237 2251 XVI
1261 2219 1305 2250 78
1328 2217 1396 2260 fol.
1425 2218 1514 2251 782¹.

387 2295 648 2346 Responsio
684 2294 740 2335 ad
773 2293 985 2335 eamdem
1020 2291 1389 2343 requisicionem.

387 2366 458 2406 Ad
493 2366 702 2407 cedulam
728 2365 799 2405 die
823 2364 918 2404 XV.
942 2363 1118 2403 mensis
1142 2362 1413 2403 Decembris
1441 2374 1562 2402 anno
1592 2361 1775 2402 Domini
1799 2360 2043 2400 millesimo

269 2437 728 2487 quadringentesimo
763 2435 1098 2485 sextodecimo,
1132 2433 1382 2474 indictione
1410 2445 1547 2483 nona,
1582 2431 1883 2482 pontificatus
1911 2443 2044 2471 sanc-

269 2509 438 2548 tissimi
473 2509 516 2547 in
543 2508 730 2547 (¹11risto
763 2506 911 2557 patris
945 2508 989 2545 et
1025 2505 1196 2545 domiui
1231 2505 1271 2544 d.
1296 2516 1337 2543 n.
1372 2516 1488 2554 pape
1522 2503 1570 2543 Β,
1594 2502 1707 2542 Xlll.
1743 2514 1863 2542 anno
1888 2501 2042 2540 xxm.

270 2579 511 2619 Paniscole
530 2577 830 2618 Dertusensis
856 2576 1056 2617 diocesis
1076 2576 1349 2626 presentata
1369 2573 1773 2615 reverendissimis
1792 2573 1836 2612 in
1857 2571 2042 2612 Christo

270 2649 482 2699 patribus
517 2652 561 2688 et
598 2648 811 2698 dominis,
845 2647 1044 2688 dominis
1069 2645 1235 2687 Carolo
1269 2658 1305 2686 s.
1342 2644 1524 2695 Georgii
1559 2645 1616 2685 ad
1651 2644 1801 2685 velum
1837 2655 2042 2693 aureum,

269 2719 465 2760 Alfonso
516 2732 551 2759 s.
601 2718 841 2760 Eustachii
893 2720 939 2758 et
989 2718 1126 2758 Petro
1177 2729 1212 2757 s.
1262 2716 1425 2771 Angeli
1481 2716 1786 2756 sacrosancte
1836 2714 2043 2754 Romane

269 2790 464 2831 ecclesie
490 2790 697 2831 diaconis
723 2789 1035 2830 cardinalibus
1059 2800 1139 2839 per
1162 2786 1446 2828 reverendos
1470 2788 1630 2837 patres
1659 2785 1699 2825 d.
1724 2784 2040 2826 Conchensem

269 2864 316 2901 et
350 2861 603 2902 Pacensem
634 2860 880 2910 episcopos
904 2862 951 2900 et
975 2858 1264 2899 venerabiles
1294 2858 1420 2898 viros
1446 2856 1777 2907 Segobiensem
1812 2856 1859 2895 et
1882 2854 2041 2895 Palen-

270 2931 416 2971 tinum
447 2932 650 2972 decanos
681 2932 728 2970 et
750 2930 1011 2970 Johannem
1040 2928 1315 2969 Ferdinandi
1340 2928 1394 2968 de
1418 2926 1713 2978 Rupeflorida
1746 2926 2038 2966 decretorum

270 3002 503 3053 doctores,
552 3001 923 3042 ambassiatores
971 2999 1257 3040 serenissimi
1305 2998 1524 3048 principis
1570 2999 1618 3037 et
1662 2994 2040 3036 excellentissimi

270 3072 456 3124 domini,
491 3072 660 3113 domini
683 3071 910 3112 .Johannis
938 3071 1062 3120 regis
1088 3070 1289 3110 t'astelle
1320 3064 1619 3119 et'LegioniS,
1654 3066 1846 3118 predicti
1871 3064 2040 3106 domini
