2178 3404
280 152 364 192 662
586 160 648 192 IV.
677 159 895 192 Abschnitt.
948 157 1023 188 Der
1048 156 1376 197 Schrit‘tencyclus
1404 167 1472 188 zur
1499 156 1736 198 Papstwahl.

280 268 702 310 ambassiatoribus
737 278 896 316 regum
931 268 976 305 et
1013 265 1266 315 principum
1303 277 1355 305 ac
1391 265 1752 305 universitatum
1772 263 1801 317 1)
1825 278 1878 306 ac
1903 267 2048 306 studi-

281 352 409 380 orum
447 338 752 388 solempnium
789 337 980 377 laudata
1014 339 1102 387 est,
1137 337 1387 385 acceptata
1420 338 1467 375 et
1502 335 1774 385 approbata.

399 410 621 450 Secunda.

397 481 573 531 Dicere,
608 479 729 530 quod
763 479 887 518 dicta
913 478 1075 517 cedula
1099 481 1170 517 est
1196 489 1391 517 erronea
1416 479 1494 516 aut
1515 476 1737 528 heretica,
1766 480 1837 517 est
1864 489 2048 518 errone-

280 564 368 591 um.
403 551 675 591 iniuriosum
711 562 764 590 ac
800 548 1129 589 scandalosum
1165 550 1209 588 et
1247 548 1434 598 sapiens
1474 548 1674 588 heresim
1708 550 1753 588 et
1794 547 2048 588 fautorium

279 622 546 662 scismatice
581 624 624 660 et
660 620 864 660 heretice
898 619 1162 669 pravitatis.

396 691 559 732 Tereia
594 690 844 731 conclusio.

397 763 480 811 Qui
507 762 809 812 pertinaciter
837 761 1071 801 sustinent
1098 760 1363 810 oppositum
1390 760 1725 809 premissorum
1751 763 1795 800 et
1827 760 2048 800 inducunt

279 833 541 883 potenciam
567 832 824 873 secularem
851 831 908 871 ad
932 830 1271 881 impedIendum
1296 830 1514 870 effectum
1541 831 1807 871 eorundem.
1833 830 2049 870 censendi

277 908 385 943 sunt
412 903 682 943 turl)at‹n·es
702 902 836 942 huius
856 902 977 942 sacri
998 901 1191 952 concilii⁷
1211 901 1510 950 impeditores
1530 901 1849 941 ecclesiastice
1869 901 2050 941 unionis

278 977 321 1013 et
358 973 570 1014 fautores
606 973 837 1024 presentis
873 972 1112 1013 scismatis
1146 974 1190 1011 et
1227 971 1369 1012 futuri
1406 972 1766 1012 intmductores.

398 1056 467 1095 Ad
515 1056 748 1106 predictas
795 1055 1120 1095 conclusiones
1167 1054 1496 1105 defendenda&
1544 1056 1583 1094 si
1625 1056 1698 1105 qui
1758 1056 1924 1105 prelati
1971 1060 2048 1096 aut

277 1127 497 1167 doctores
533 1127 673 1168 velint
711 1126 1047 1176 contradicere,
1082 1125 1280 1166 offerunt
1324 1126 1460 1176 aliqui
1503 1126 1757 1166 consimilis
1798 1128 1955 1166 status
2002 1138 2051 1166 se

277 1197 570 1239 subscribere
605 1197 662 1238 ad
698 1209 861 1247 penam
898 1193 1140 1243 talio11is.2)

394 1277 533 1310 Durate
567 1278 724 1319 scltliesst
758 1277 835 1310 sich
867 1277 929 1310 dle.
957 1277 1182 1318 Einleitnny
1207 1287 1251 1309 ει(
1282 1276 1477 1317 apostille,
1512 1288 1581 1310 von
1612 1278 1732 1310 denen
1763 1277 1825 1310 (lie
1852 1278 1946 1310 erste
1975 1288 2052 1310 nur

276 1335 447 1369 erlmltun
480 1337 525 1369 ist
554 1337 634 1368 nm(
662 1338 738 1379 auf
765 1336 1040 1378 (r'cgjncrscleaft
1066 1346 1137 1368 ειη·
1166 1335 1308 1369 Ccdnla
1338 1336 1482 1369 ‹lozetets

396 1409 698 1459 Subscriptas
734 1421 844 1449 vero
880 1409 1123 1459 apostillas
1158 1420 1243 1458 ego
1284 1408 1411 1448 rudis
1452 1412 1495 1449 et
1538 1409 1733 1459 simplex
1780 1410 2051 1450 matheseos

276 1492 366 1520 non
401 1480 486 1520 feci
523 1481 675 1520 animo
711 1481 843 1521 alicui
879 1480 1152 1520 detrahendi
1187 1480 1808 1530 autimpugnandieandem
1841 1481 2048 1521 cedulam

277 1553 359 1591 aut
393 1551 691 1601 perturbandi
726 1552 769 1590 in
805 1551 956 1601 aliquo
992 1551 1116 1590 istud
1150 1562 1335 1591 sacrum
1371 1551 1586 1600 generale
1612 1551 1870 1593 concilium.
1893 1563 2050 1602 ymmo

279 1622 433 1662 verius
468 1623 591 1661 omni
627 1622 789 1662 favore
824 1625 867 1662 et
905 1622 1075 1671 studio,
1109 1621 1274 1671 quibus
1315 1622 1441 1671 potui
1483 1624 1526 1661 et
1564 1633 1770 1671 possunn
1819 1621 2047 1671 prefatum

278 1693 520 1733 concilium
558 1693 796 1743 dirigendi,
832 1693 949 1733 sicut
987 1692 1174 1743 quilibet
1202 1692 1486 1732 christianus
1520 1692 1652 1732 iuxta
1677 1704 1816 1742 posse
1841 1696 1887 1732 et
1910 1704 2051 1733 nosse

277 1769 321 1803 et
358 1763 414 1803 ad
450 1763 506 1814 id,
533 1770 595 1805 ut.
620 1765 657 1804 si
684 1764 903 1804 voluntas
927 1764 1008 1803 Dei
1034 1764 1187 1804 suerit.
1213 1763 1327 1803 bene
1351 1767 1396 1803 et
1423 1763 1578 1803 subito
1604 1764 1710 1803 unio
1736 1763 2051 1814 subsequatur

275 1834 620 1884 subsecutaque
656 1835 731 1875 diu
765 1835 947 1885 integra
973 1840 1243 1885 permaneat
1271 1847 1322 1874 ac
1358 1833 1511 1874 felicia
1544 1837 1589 1874 et
1616 1846 1841 1884 prospera
1865 1846 2050 1884 semper

275 1905 499 1955 suscipiat
548 1905 849 1945 incrementa.
929 1905 981 1945 Et
1029 1906 1067 1945 si
1117 1905 1285 1956 aliquid
1334 1905 1541 1955 ineptum
1588 1908 1669 1945 aut
1715 1905 1867 1944 minus
1913 1908 2049 1945 caute

276 1976 447 2016 dictum
488 1977 746 2026 r‹2=periatur
786 1977 829 2016 in
875 1977 1048 2017 eisdem
1096 1976 1340 2027 apostillis.
1381 1976 1488 2016 illud
1529 1989 1584 2016 ex
1620 1987 1739 2016 nunc
1778 1975 1926 2016 habeo
1967 1987 2049 2025 pro

275 2059 366 2085 non
400 2047 524 2086 dicto
560 2050 600 2086 et
646 2059 736 2086 non
773 2048 965 2088 malicie.
1002 2050 1071 2087 set
1100 2060 1198 2087 mee
1236 2047 1502 2097 ignorancie
1538 2047 1792 2096 imputetur
1825 2059 1908 2087 nec
1942 2047 2048 2086 volo

275 2121 521 2167 propterea
556 2130 658 2157 cum
694 2118 845 2168 aliquo
880 2131 952 2157 me
986 2118 1253 2168 inscribere,
1287 2118 1431 2158 eciam
1470 2118 1507 2157 si
1542 2118 1596 2157 de
1632 2117 1830 2157 victoria
1863 2129 1945 2167 per
1977 2129 2050 2157 me

274 2188 598 2238 consequenda
648 2194 804 2228 certus
851 2201 1019 2238 essem,
1066 2189 1171 2238 quia
1220 2201 1297 2228 rex
1345 2188 1565 2238 pacificus
1618 2189 1691 2238 pia
1743 2188 2049 2228 miseracione

273 2259 502 2309 disposuit
539 2259 625 2299 sibi
660 2260 875 2300 subditos
911 2260 1010 2300 fore
1050 2260 1257 2310 pudicos.
1301 2259 1519 2309 pacificos
1560 2262 1605 2299 et
1653 2259 1909 2299 modestos.
1976 2259 2048 2298 Sic

274 2331 492 2379 incipiunt
530 2330 803 2371 decretales.

395 2470 418 2511 ¹)
447 2470 520 2503 Ra.
547 2470 591 2503 ΙΙ
619 2472 683 2504 110
707 2471 824 2513 gylee'clt
857 2471 954 2503 nach
984 2471 1065 2503 dem
1094 2472 1149 2504 29.
1180 2470 1272 2503 Mai,

392 2529 419 2571 ²¹)
448 2529 499 2561 ΖΗ
531 2529 803 2561 conclusiones
830 2530 926 2563 steht
954 2531 1015 2562 (lie
1042 2530 1177 2571 bissigle
1197 2529 1459 2571 Bemcrlsungy:
1487 2528 1595 2563 Vide.
1625 2539 1671 2560 ne
1691 2528 1767 2561 sint
1790 2527 2049 2562 confusiones.

272 2589 350 2620 Zur
376 2590 496 2621 ersten
530 2589 630 2621 »vird
658 2588 800 2621 betoni:
828 2587 972 2620 Tamen
1002 2587 1048 2619 de
1077 2587 1143 2620 illa
1171 2598 1247 2620 non
1276 2587 1343 2619 fuit
1373 2586 1627 2630 sonlpni[ata]
1650 2597 1718 2619 nec
1748 2587 1833 2620 visa
1861 2597 1930 2619 nec
1960 2597 2050 2619 exa-

273 2646 422 2679 minata
451 2646 486 2678 in
516 2646 602 2679 aliis
632 2647 862 2679 nacionibus
892 2673 897 2678 .
928 2673 933 2678 .
963 2673 969 2678 .
1021 2647 1100 2679 Zur
1124 2647 1299 2680 ,Ἧι-εὕρῃ.-
1324 2646 1401 2678 Nec
1430 2656 1499 2687 per
1526 2646 1733 2679 concilium
1761 2646 1983 2688 approbata
2011 2649 2047 2679 et

274 2708 432 2747 recepta
465 2705 512 2738 sit
543 2706 631 2747 ista,
659 2732 666 2740 .
695 2732 700 2738 .
730 2732 735 2737 .
774 2716 890 2747 quam
928 2705 1061 2738 taliter
1097 2705 1319 2738 canonizas.
1372 2706 1450 2739 Zur
1478 2706 1645 2740 dritten:
1671 2706 1748 2738 Iste
1778 2705 2049 2738 conclusiones

212 2805 217 2807 ῃ
271 2768 358 2797 sunt
395 2764 589 2797 terribiles
624 2766 660 2797 ct
696 2765 744 2797 ad
773 2764 1088 2797 dissenciendum
1123 2767 1241 2806 atque
1268 2764 1494 2797 bellandum
1520 2791 1526 2796 .
1556 2791 1562 2797 .
1591 2791 1597 2797 .
1641 2764 1881 2798 Ostendatur
1908 2764 2050 2797 forma-

273 2824 360 2856 liter
396 2826 431 2856 et
459 2823 681 2858 scolastice.
710 2823 812 2865 quod
841 2823 943 2856 dicte
972 2824 1108 2857 cedule
1135 2823 1186 2856 sit
1214 2823 1262 2856 ab
1300 2823 1479 2856 omnibus
1509 2852 1513 2854 .
1543 2850 1549 2856 .
1579 2850 1584 2856 .
1613 2823 1838 2856 christianis
1867 2826 1907 2856 ut
1936 2834 2049 2856 sacro

272 2883 479 2925 <ewangelio
508 2883 648 2916 Christi
678 2909 684 2915 .
715 2909 720 2914 .
749 2910 755 2917 .
783 2883 968 2915 standum
997 2886 1032 2916 et
1062 2885 1153 2916 tunc
1181 2882 1325 2924 poterit
1352 2882 1501 2915 illud..
1523 2882 1681 2924 ,aliquo
1710 2882 1839 2915 colore
1867 2881 2047 2915 deffendi.

276 2943 363 2975 mm
399 2942 626 2984 Schlnsssatz
664 2942 764 2975 κί’-(Ι
800 2942 1180 2985 vnr‘chcngyelenltcn.·
1217 2941 1314 2974 Illud
1350 2941 1453 2983 sapit
1487 2942 1793 2983 protractionem
1831 2941 1984 2974 unionis
2012 2944 2047 2974 et

272 3001 368 3042 parit
410 3001 639 3033 scandalum
676 3002 711 3032 et
751 3001 936 3032 maiorem
973 3001 1215 3034 divisionem.
1253 3000 1283 3032 si
1321 3000 1562 3041 perducatur
1589 3001 1624 3033 in
1662 3002 1804 3041 actum,
1841 3011 1910 3033 nec
1948 2999 2047 3033 fallit

272 3061 395 3093 eciam
417 3061 475 3093 hic
497 3061 642 3093 dictum
664 3061 849 3094 Sallustii.
870 3061 1016 3093 scilicet
1039 3060 1209 3093 secunde
1231 3070 1292 3092 res
1313 3060 1437 3092 eciam
1456 3060 1679 3101 sapientum
1699 3059 1850 3093 animos
1868 3058 2035 3102 fatigant
