2178 3404
678 162 721 195 Κ.
749 162 971 206 Sigismund
998 173 1045 196 an
1075 161 1223 205 Gregor
1249 160 1329 195 XII.
1810 151 1891 192 321

127 272 329 313 edificari
363 272 474 312 utile
508 272 735 312 subverso
771 270 872 311 fidei
908 271 1224 312 fundamento.
1290 270 1486 321 Propter
1519 271 1641 321 quod
1674 272 1749 310 est
1781 270 1895 320 ipsis

128 342 337 383 fidelibus
378 354 560 382 summo
608 354 745 392 opere
792 342 1088 392 vigilandum,
1129 342 1317 382 assidue
1364 341 1582 381 standum
1618 341 1661 380 in
1709 341 1893 391 specula

127 415 174 454 et
207 412 569 454 ascendentibus
603 424 658 452 ex
695 412 893 452 adverso
929 413 1043 452 totis
1081 412 1252 452 viribus
1287 412 1501 462 omnique
1536 411 1716 453 cautele
1740 412 1895 452 studio

126 483 455 534 resistendum,
504 495 604 524 cum
647 495 733 523 vos
783 484 880 523 tam
930 483 1222 532 experiencia
1272 484 1412 533 cogat
1463 483 1708 523 advertere
1758 495 1893 533 quam

127 554 373 595 familiaria
406 554 553 594 eciam
587 553 798 604 exempla
831 554 1046 604 ignorare
1080 565 1171 593 non
1206 553 1376 604 sinant,
1412 565 1549 603 quam
1584 554 1804 603 gravibus
1836 553 1898 593 sit

128 637 202 665 res
238 625 370 675 plena
418 624 647 675 periculis.
720 624 879 664 Nonne
926 624 1249 675 consideratis,
1296 624 1417 674 quod
1466 636 1545 674 per
1587 624 1672 663 hoc
1715 624 1895 664 detrac-

127 699 280 737 torum
304 696 472 746 linguis
496 695 711 735 totaliter·
731 695 1037 745 exponemini,
1061 695 1135 745 qui
1160 695 1293 745 quasi
1323 695 1638 740 verisimiliter
1662 697 1895 746 asserunt,

128 767 247 818 quod
283 766 496 807 omnibus
530 766 704 806 vestris
741 765 989 815 laboribus,
1030 777 1146 816 quos
1189 778 1215 806 a
1258 765 1431 805 teneris
1473 767 1604 806 annis
1652 778 1796 816 usque
1844 766 1900 807 ad

128 839 367 878 senectam
402 840 450 877 et
483 838 660 877 senium
698 838 969 888 pertulistis,
1003 849 1093 877 non
1129 837 1470 878 exaltacionem
1507 836 1608 877 fidei
1637 840 1717 877 aut
1743 850 1900 878 sacro-

127 910 291 948 sancte
324 908 570 948 militantis
604 908 799 949 ecclesie
834 910 1010 948 statum
1048 908 1243 959 felicem,
1285 908 1365 947 sed
1403 910 1562 948 vestra
1607 909 1901 949 venabamini

127 978 386 1028 commoda,
420 979 592 1019 vestris
627 978 920 1019 solummodo
958 978 1294 1019 ambicionilms
1330 978 1684 1019 intendebatis?
1756 979 1899 1019 Porro

127 1049 273 1090 eciam
309 1049 563 1090 amicorum
597 1051 645 1089 et
680 1049 1006 1089 adherencium
1048 1048 1101 1089 de
1138 1049 1270 1089 vobis
1318 1048 1627 1089 alternabitur
1669 1049 1900 1099 iudicium,

128 1122 339 1170 tepescet
373 1120 566 1161 devocio
607 1121 654 1160 et
694 1120 868 1161 caritas
915 1119 1203 1169 refrigescet.
1271 1120 1359 1160 Hec
1403 1120 1440 1159 si
1487 1120 1702 1161 discussa
1747 1121 1900 1161 debite

130 1191 452 1232 meditacionis
501 1191 714 1231 examine
757 1191 799 1231 in
835 1191 1037 1231 racionis
1073 1191 1404 1231 consistorium
1440 1191 1765 1243 inti-aducatis,
1801 1224 1809 1232 .
1846 1225 1853 1232 .

130 1262 330 1302 adversa
372 1262 505 1302 vobis
545 1262 848 1313 inculcantes,
896 1264 1033 1311 prout
1078 1261 1224 1311 decet,
1274 1273 1467 1311 prorsus
1514 1261 1740 1303 abicietis.
1806 1262 1899 1303 Hec

130 1332 340 1384 profecto
375 1334 422 1373 et
456 1333 559 1384 alia,
594 1344 680 1383 que
715 1332 909 1383 predicti
944 1332 1125 1382 negocii
1159 1332 1518 1373 circumstancie
1552 1335 1810 1383 suggerunt
1854 1336 1901 1373 et

128 1404 372 1444 militantis
406 1403 601 1445 ecclesie
633 1405 790 1444 status
826 1403 1104 1444 miserabilis
1130 1403 1563 1453 cristicolarumque
1586 1404 1899 1445 necessitates

127 1475 214 1516 hiis
248 1474 535 1526 temporibus
570 1475 783 1515 nimirum
819 1476 1094 1525 exposcunt,
1119 1474 1177 1525 pii
1203 1485 1401 1515 censura
1432 1475 1583 1514 iudicii
1611 1475 1899 1515 recenseatis

127 1548 175 1586 et
210 1546 466 1586 voluntatis
502 1546 697 1596 proprie,
732 1546 769 1586 si
803 1546 908 1596 quid
943 1545 1189 1596 aliquando
1221 1544 1408 1591 sufficit,
1442 1546 1615 1586 reiecto
1642 1547 1898 1597 proposito,

128 1617 171 1656 in
206 1616 398 1667 predicti
434 1616 734 1667 promocione
773 1617 951 1667 negocii
985 1616 1162 1657 nostris
1197 1618 1243 1656 et
1293 1616 1497 1656 eiusdem
1545 1617 1740 1657 ecclesie
1786 1617 1899 1657 mili-

128 1688 274 1727 tantis
328 1687 569 1727 desideriis
625 1687 886 1727 voluntarie
941 1687 1230 1728 concurretis
1273 1719 1279 1726 .
1323 1720 1329 1725 .
1374 1719 1380 1726 .
1439 1687 1495 1726 Ut
1551 1690 1707 1727 vestre
1757 1688 1897 1728 saluti

130 1758 415 1809 provideatis
451 1769 503 1798 ac
546 1760 702 1798 vestre
743 1757 866 1798 same
913 1758 1170 1798 consulatis
1217 1760 1264 1797 et
1309 1757 1537 1808 periculis,
1584 1761 1808 1808 quantum
1854 1759 1898 1799 in

130 1829 263 1869 vobis
297 1828 450 1878 fuerit,
484 1828 630 1869 eciam
667 1829 941 1879 animarum,
977 1840 1062 1879 que
1096 1828 1351 1877 imminent,
1393 1829 1653 1869 occurratis
1694 1832 1741 1870 et
1774 1831 1901 1881 regio

131 1899 301 1940 affectu
336 1901 383 1939 et
416 1899 553 1950 omni,
588 1911 677 1950 quo
712 1911 976 1950 possumus,
1012 1899 1181 1943 studio„
1216 1901 1263 1939 ut
1301 1899 1358 1939 ad
1408 1900 1651 1939 concilium
1693 1901 1902 1950 proxime

131 1970 411 2011 t'onstancie
476 1970 846 2020 Maguntinensis
902 1970 1136 2020 provincie
1193 1970 1516 2010 celebrandum
1592 1972 1901 2021 personaliter

131 2053 233 2081 cum
274 2041 448 2081 vestris
491 2040 545 2081 de
597 2043 756 2081 vestra
806 2040 1073 2081 obediencia
1122 2041 1374 2091 accedatis,
1410 2052 1592 2081 rursum
1636 2053 1691 2082 ex
1742 2054 1901 2093 super-

129 2111 418 2152 habundanti
456 2111 725 2163 invitamUS,
762 2112 1007 2162 presertim
1054 2114 1105 2152 ut
1150 2112 1357 2152 reddatis
1393 2111 1636 2153 Altissimo
1672 2115 1785 2154 vota
1826 2126 1902 2154 ve-

129 2184 231 2223 stra
253 2182 411 2233 sicque
431 2182 716 2232 opitulentur
737 2194 819 2222 ora
838 2184 1001 2223 contra
1020 2194 1106 2223 vos
1124 2183 1430 2233 loquencium.
1457 2182 1657 2223 Pensate
1677 2184 1901 2236 studiose,

131 2264 266 2304 quam
301 2252 394 2293 cito
429 2253 623 2303 preterit
656 2252 791 2293 huius
828 2253 983 2293 mundi
1016 2252 1178 2303 figura,
1213 2265 1351 2303 quam
1386 2253 1556 2303 subito,
1592 2266 1729 2304 quam
1766 2254 1900 2296 facile

130 2323 330 2364 hominis
364 2335 591 2374 compago
626 2323 911 2364 dissolvitur.
979 2323 1087 2364 Illud
1121 2324 1279 2374 itaque
1318 2324 1561 2374 negocium
1605 2324 1899 2365 salutiferum

131 2394 270 2445 omni,
317 2405 406 2444 quo
452 2394 682 2444 poteritis,
729 2394 969 2434 celeritate
1016 2394 1360 2444 prosequamini
1413 2406 1496 2434 nec
1544 2395 1755 2444 spiritum
1805 2398 1898 2436 tam

131 2464 353 2505 salutaris
404 2465 729 2515 inspiracionis
775 2466 818 2504 in
865 2467 1076 2515 tempore
1129 2467 1322 2515 accepto
1369 2465 1671 2516 extinguatis,
1717 2466 1799 2506 sed
1845 2466 1901 2506 ad

132 2535 346 2586 salutem,
386 2535 689 2586 quodcunque
729 2538 885 2586 potest
930 2547 1096 2576 manus
1145 2538 1318 2585 vestra,
1365 2536 1624 2577 instancius
1671 2539 1901 2586 operetur.

132 2605 207 2646 llle
240 2606 405 2656 quippe
446 2618 656 2646 summus
711 2609 758 2646 et
806 2606 1029 2646 mirabilis
1079 2606 1248 2657 opifex,
1299 2607 1429 2647 cuius
1478 2607 1596 2647 mira
1645 2609 1692 2647 et
1744 2607 1900 2657 procul

131 2676 267 2717 dubio
303 2676 576 2717 admiranda
610 2680 720 2717 sunt
754 2688 909 2727 opera,
944 2677 1018 2727 qui
1052 2688 1186 2717 suam
1221 2677 1456 2718 edificavit
1488 2677 1734 2718 ecclesiam
1760 2688 1903 2727 supra

133 2748 314 2797 petram
332 2743 363 2798 l)
408 2749 468 2797 et,
513 2759 570 2787 ne
615 2759 832 2798 umquam
884 2747 998 2787 fides
1044 2748 1143 2787 eius
1187 2747 1418 2799 deficeret,
1465 2745 1732 2799 ex01·avit,·-’)
1778 2748 1901 2788 illam

134 2816 282 2857 solida
315 2816 537 2858 firmitate
571 2817 828 2868 stabiliens,
863 2818 1012 2868 ipsam
1052 2829 1144 2858 non
1184 2818 1332 2859 solum
1380 2819 1638 2859 adornatus
1685 2818 1903 2859 decencia

135 2889 210 2927 set
243 2887 300 2928 ad
334 2887 619 2938 exigenciam
656 2888 1025 2938 inexpugnabilis
1059 2889 1297 2929 firmitatis
1339 2889 1565 2939 ordinum,
1599 2891 1809 2929 statuum
1856 2890 1903 2928 et

255 3013 280 3055 1)
307 3014 442 3049 Matth.
470 3015 525 3056 16,
553 3015 607 3048 18.

253 3071 279 3114 2)
307 3073 398 3107 Luc.
423 3073 481 3115 22,
507 3073 562 3106 32.

207 3151 274 3178 Fin
294 3151 364 3186 ke,
388 3153 473 3179 Acta
495 3152 627 3179 concilii
653 3152 929 3180 Coustanciensis
952 3152 1002 3179 111.
1635 3134 1685 3174 21
