2178 3404
273 112 360 154 480
630 124 688 156 llI.
718 123 936 156 Abschnitt.
990 122 1179 156 Benedikt
1210 123 1307 156 XIII.
1336 124 1413 157 und
1442 124 1511 157 das
1540 124 1688 157 Konzil.

273 233 378 273 ticis
412 235 460 273 et
493 233 712 273 hereticis
749 232 992 283 tolleratis.
1028 233 1144 272 alias
1179 235 1336 273 tamen
1372 246 1397 273 a
1431 245 1542 273 vera
1577 234 1774 275 ecclesia
1808 238 2050 285 potestate

273 304 493 353 munitus,
528 306 598 343 est
636 315 773 343 verus
808 303 1017 353 prelatus
1051 303 1246 344 ecclesie
1270 306 1318 344 et
1352 304 1449 344 eius
1476 316 1678 354 sponsus
1704 306 1745 345 in
1777 306 2048 347 ministerio.

393 372 522 422 Quod
548 374 803 414 scismatici
829 376 876 414 et
909 374 1100 414 heretici
1126 374 1331 415 tollerati
1366 377 1564 425 possunt
1589 387 1694 417 esse
1719 377 1814 416 veri
1850 377 2049 417 ministri

275 444 470 484 ecclesie
494 444 537 484 in
564 444 715 485 dando
741 456 901 484 verum
936 445 1162 495 prelatum
1191 446 1387 485 ecclesie
1411 448 1453 485 et
1491 449 1688 495 possunt
1718 459 1823 487 esse
1847 448 1945 488 veri
1968 448 2049 487 mi-

273 515 407 554 nistri
443 516 637 555 ecclesie
662 515 704 555 in
731 518 839 555 actu
863 516 1094 566 generalis
1129 516 1323 557 concilii.
1349 517 1607 567 supposito,
1633 518 1754 567 quod
1779 518 1835 558 ad
1860 518 1944 558 hoc
1972 530 2052 568 per

275 589 483 626 vestram
517 586 819 626 sanctitatem
847 587 913 627 eis
949 587 1235 627 concedatur
1259 587 1342 626 hoc
1380 588 1687 628 ministerium
1714 600 1794 628 seu
1819 590 2048 639 potestas.

391 657 521 706 Quod
548 657 620 697 ubi
647 657 982 707 suspicaretur.
1018 658 1137 708 quod
1163 659 1272 698 dicti
1308 659 1563 698 scismatici
1592 659 1660 698 vel
1694 659 1885 699 heretici
1920 659 2049 699 tolle-

271 728 358 767 rati
403 740 491 768 non
538 728 848 769 inniterentur
890 729 932 768 in
976 733 1081 769 actu
1127 730 1358 777 generalis
1403 730 1580 769 concilii
1625 730 1746 769 veris
1791 730 2048 771 ministerio

271 802 313 838 et
353 799 594 849 potestati.
630 800 880 839 remedium
916 800 1091 840 habent
1131 801 1328 840 catolici.
1373 812 1450 850 per
1489 800 1610 850 quod
1649 813 1738 841 non
1782 800 2050 841 viderentur

273 870 410 909 dictis
446 870 730 911 scismaticis
765 872 833 911 vel
869 871 1089 912 hereticis
1124 872 1166 911 in
1203 883 1361 911 eorum
1400 871 1519 911 falsa
1553 871 1752 911 ecclesia
1796 871 2048 911 communi-

272 953 392 982 care.
428 942 736 991 protestando
772 942 1000 984 videlicet.
1035 943 1154 993 quod
1200 955 1300 982 cum
1344 943 1456 992 ipsis
1490 931 1580 982 non
1622 942 1865 982 intendunt
1907 954 2047 983 unuln

271 1012 512 1052 concilium
540 1012 708 1053 t'acere.
732 1013 819 1052 nisi
846 1014 882 1052 si
908 1017 952 1053 et
979 1014 1021 1053 in
1048 1016 1269 1064 quantum
1299 1013 1601 1063 procederent
1629 1014 1671 1053 ln
1693 1013 1783 1053 vim
1805 1013 2048 1053 ministerii

271 1095 351 1122 seu
394 1084 649 1133 potestatis
701 1096 807 1124 vere
855 1085 1049 1125 ecclesie
1099 1085 1294 1125 catolice
1344 1088 1386 1124 et
1440 1087 1547 1124 tunc
1595 1095 1755 1124 verum
1804 1084 2045 1124 concilium

272 1154 390 1203 apud
416 1154 517 1193 illos
544 1156 670 1194 solos
696 1159 860 1196 staret.
886 1156 960 1206 qui
983 1156 1103 1195 veris
1129 1156 1387 1195 ministerio
1408 1158 1448 1195 et
1477 1155 1701 1205 potestati
1724 1155 2046 1195 inniterentur.

388 1226 517 1275 Quod
545 1226 743 1266 sublatis
771 1227 1042 1276 prm-esibus
1062 1229 1107 1266 et
1128 1227 1381 1267 sentenciis
1403 1229 1540 1276 atque
1560 1226 1690 1276 penis
1711 1225 1849 1266 factis
1868 1228 1911 1265 et·
1939 1226 2046 1265 latis

270 1308 349 1346 per
375 1299 581 1337 vestram
608 1299 912 1338 sanctitatem
938 1301 981 1338 et
1009 1310 1142 1339 suum
1174 1298 1551 1349 predescesorem
1581 1300 1744 1337 contra
1771 1296 1921 1337 dictas
1949 1308 2046 1346 per-

270 1379 412 1407 sonas
429 1368 622 1408 alterius
640 1368 904 1409 obediencie
921 1375 964 1409 et
985 1370 1199 1409 omnibus
1216 1369 1481 1409 sentenciis,
1497 1369 1639 1418 penis.
1656 1368 1865 1408 maculis.
1881 1380 2044 1418 excep-

271 1438 479 1479 cionibus
499 1443 541 1478 et
571 1440 894 1490 inpedimentis
920 1441 1160 1491 quibusvis
1180 1440 1538 1490 procedentibus
1560 1452 1583 1479 a
1603 1439 1777 1479 iuribus
1803 1439 2045 1489 possitivis

272 1509 499 1550 adversus
520 1510 671 1551 dictas
697 1523 923 1561 personas
949 1511 1225 1561 sublatoque
1250 1511 1372 1550 omni
1396 1510 1549 1550 el'ectu
1577 1510 1781 1550 cuiusvis
1806 1510 1916 1550 iuris
1942 1521 2045 1560 pos-

270 1580 410 1632 sitivi,
435 1581 509 1631 qui
534 1581 656 1622 dicte
675 1582 828 1622 unioni
849 1585 1011 1633 posset
1030 1582 1392 1633 inpedimentum
1414 1581 1594 1631 afferre.
1620 1581 1824 1631 predicte
1850 1592 2046 1631 persone

268 1652 461 1692 alterius
487 1652 766 1701 obediencie,
796 1656 899 1694 esto
924 1654 1045 1704 quod
1070 1655 1228 1693 essent
1256 1653 1524 1693 scismatice
1550 1652 1619 1691 vel
1644 1652 1861 1695 heretice.
1886 1655 2044 1691 essent

268 1725 427 1764 tamen
461 1723 785 1764 nichilomimls
820 1724 1050 1775 tollerate,
1085 1736 1192 1764 nam
1219 1724 1391 1764 crimen
1428 1723 1666 1764 scismatis
1692 1723 1762 1762 vel
1788 1722 1966 1762 heresis
1992 1722 2046 1761 de

267 1794 364 1834 iure
391 1795 592 1834 naturali
621 1795 688 1835 vel
714 1795 868 1835 divino
898 1795 1048 1845 ipsum
1086 1795 1405 1835 scismaticum
1434 1794 1502 1834 vel
1537 1794 1791 1834 hereticum
1817 1804 1908 1833 non
1933 1793 2043 1833 facit

268 1877 373 1905 esse
390 1865 723 1907 intolleratum.
742 1878 842 1905 cum
861 1865 1113 1916 prohibicio
1132 1866 1243 1906 iuris
1262 1865 1492 1905 naturalis
1509 1865 1579 1905 vel
1597 1864 1736 1904 divini
1754 1863 2046 1914 participaci-

267 1947 400 1976 onem
438 1948 539 1976 cum
576 1936 847 1976 scismatico
886 1936 954 1976 vel
989 1936 1196 1976 heretico
1232 1936 1319 1976 nisi
1354 1936 1396 1975 in
1433 1936 1620 1976 crimine
1654 1947 1745 1975 non
1780 1934 2044 1974 interdicat.

266 2089 385 2136 (211)
420 2088 641 2130 Protalsoll
675 2089 724 2130 F.
752 2088 953 2130 Romus
983 2089 1089 2131 iiber
1115 2090 1188 2130 die
1227 2089 1608 2141 l'erlmmllnngsme
1650 2100 1726 2129 con
1758 2087 2042 2140 Perffl'gymm.

414 2159 541 2200 Naela
587 2161 691 2199 1415
726 2159 966 2201 Dczcnebcr
999 2162 1087 2202 16.)

385 2240 491 2274 Rom.
521 2240 600 2274 rat.
626 2241 727 2274 Ribl..
759 2240 846 2272 (sod.
876 2240 1088 2274 Rarhcre'ni
1107 2241 1205 2274 Xl'l
1229 2242 1272 2273 7⁸
1289 2240 1316 2283 f.
1346 2241 1363 2273 1
1384 2240 1421 2281 ff.
1454 2240 1538 2278 (ΒΜ
1569 2239 1656 2273 Coa.
1688 2240 1806 2273 Vatis‘.
1826 2240 1919 2272 4904
1945 2238 2044 2281 (GN)

388 2314 647 2353 Sununarie
682 2313 807 2354 sacta
845 2326 868 2353 a
905 2313 990 2365 (lie,
1026 2326 1114 2364 qua
1149 2314 1188 2354 d.
1215 2312 1481 2354 Ottobonus
1516 2313 1570 2353 de
1606 2313 1805 2352 Bellonis
1836 2313 1961 2353 venit
1988 2312 2044 2352 ad

268 2395 422 2434 regem
450 2384 786 2425 Ferdinandum
822 2398 877 2425 ex
915 2388 1046 2436 parte
1071 2385 1193 2435 regis
1241 2385 1537 2425 {omanorum
1569 2396 1708 2434 super
1732 2383 2044 2424 convencione

386 2499 411 2538 ¹)
437 2501 470 2533 R
495 2500 641 2534 schemat
669 2512 738 2534 ron
770 2501 837 2533 det·
867 2501 989 2533 llam!
1020 2500 1185 2533 Rea-iras
1210 2510 1254 2533 ΞΗ
1283 2500 1386 2533 sein:
1420 2498 1638 2539 (ellordinus
1667 2500 1713 2531 ist
1740 2498 1930 2539 (mffdlliq.
1960 2497 2043 2540 (Ιαβ

267 2560 304 2591 in
337 2559 408 2592 det}
433 2558 522 2593 Tea-t
549 2560 610 2593 die
630 2560 896 2600 Rczcichmmgl
924 2561 1128 2600 pretensus
1151 2559 1233 2592 und
1261 2558 1460 2592 (ilmlichcs
1485 2569 1554 2591 rou
1586 2558 1754 2591 remim-<11-
1770 2557 2043 2599 ulcis-lisce'tt'gscr

267 2618 391 2651 Ham]
410 2618 603 2660 &intestini
624 2619 678 2651 ist.
730 2612 824 2651 lf'bm·
846 2619 1011 2651 Horae'ras
1032 2618 1233 2658 cielscii‘iglc
1255 2617 1440 2658 'siusuli-eit
1466 2619 1604 2657 {lenitus
1625 2617 1836 2658 Fnlucmles
1862 2627 1936 2649 (tus
1958 2617 2040 2655 Heu.

265 2676 400 2720 Suppl.
428 2676 638 2711 Beuedilsts
664 2677 776 2710 XIII.
802 2680 849 2707 δ’δ’
873 2677 902 2719 f.
928 2678 1029 2710 2⁸4„-
1056 2676 1163 2709 Motu
1193 2676 1347 2718 proprio
1377 2675 1547 2708 officium
1583 2675 1787 2717 scriptorie
1826 2675 2041 2707 litterarum

265 2735 574 2777 apostolicarum
603 2735 745 2768 dilecto
775 2735 954 2768 lai'niliari
984 2746 1028 2767 ac
1056 2735 1269 2768 secretario
1298 2736 1432 2768 nostro
1453 2735 1660 2767 Francisco
1681 2734 1827 2767 Rovira
1852 2734 2040 2766 canonico

264 2793 513 2827 Maioricensi
535 2794 781 2827 decretorum
801 2795 962 2828 doctori.
989 2795 1051 2836 qui
1073 2804 1195 2836 nuper
1214 2794 1383 2827 officium
1402 2793 1609 2835 scriptorie
1628 2794 1847 2826 litterarum
1866 2793 2041 2835 peniten-

266 2853 384 2886 ciarie
401 2856 532 2886 nostre
547 2853 584 2886 in
601 2853 780 2886 manibus
797 2856 880 2886 nost
892 2854 941 2885 ris
962 2854 1189 2895 resignavit,
1209 2853 1245 2885 in
1263 2853 1673 2894 recompensacionem
1689 2852 1803 2885 officii
1820 2851 2039 2885 huiusmodi

266 2911 499 2945 conferimus
520 2922 564 2945 ac
586 2912 723 2955 ipsum,
743 2912 806 2954 qui
828 2912 1038 2945 earundem
1060 2913 1278 2945 litterarum
1299 2911 1551 2944 abbreviator
1570 2911 1714 2946 existit.
1735 2911 1899 2944 aliorum
1918 2911 2040 2952 scrip-

262 2972 393 3003 torum
414 2971 625 3004 earundem
648 2971 866 3004 litterarum
888 2971 1090 3004 consorcio
1108 2970 1379 3004 favorabiliter
1398 2980 1661 3012 aggregamus
1679 2996 1684 3002 .
1703 2996 1708 3002 .
1725 2996 1731 3002 .
1760 2969 1848 3002 Dat.
1868 2971 1905 3002 et
1926 2979 2040 3010 expe-

266 3030 387 3062 ditum
406 3030 610 3062 Paniscole
629 3030 875 3062 liertusensis
893 3030 1059 3062 diocesis
1076 3032 1216 3071 quarto
1238 3039 1360 3062 nonas
1376 3028 1512 3062 Marcii
1534 3040 1635 3062 anno
1652 3030 1836 3062 vicesimo
1856 3028 2038 3060 secundo.
