2178 3404
316 942 482 984 LXVII.
546 944 597 984 D.
621 944 860 984 Jolla1111es
885 955 1006 993 papa
1024 942 1109 983 fuit

257 1019 301 1057 et
338 1018 408 1056 est
445 1016 499 1056 de
534 1015 774 1066 premissis
811 1046 853 1054 ..
890 1045 897 1053 .
933 1013 1112 1063 publice

258 1090 301 1128 et
349 1087 532 1127 notorie
582 1086 689 1126 talis
745 1085 1013 1135 diVngatus
1064 1087 1107 1124 et

258 1158 530 1198 diffamatus
565 1160 705 1207 atque
752 1168 834 1206 pro
884 1155 966 1195 tali
1013 1187 1020 1194 .
1058 1187 1064 1194 .
1102 1187 1108 1195 .

258 1229 301 1269 in
336 1228 549 1269 Romana
584 1227 711 1268 curia
746 1230 792 1267 et
827 1229 960 1267 extra
1008 1258 1015 1265 .
1058 1257 1065 1265 .
1103 1258 1109 1265 .

258 1299 460 1340 habitus.

321 2575 506 2619 LXVIII.
562 2579 676 2619 Item
706 2579 828 2630 quod
856 2578 1116 2620 communis

263 2650 500 2691 hominum
527 2650 679 2700 opinio
703 2682 710 2690 .
731 2682 738 2689 .
761 2682 768 2690 .
795 2653 935 2701 atque
955 2661 1117 2690 verum

263 2722 309 2760 et
329 2720 565 2761 notorium
586 2720 670 2760 fuit
691 2723 736 2760 et
758 2723 846 2770 est,
871 2720 993 2771 quod
1017 2720 1057 2760 d.
1078 2720 1118 2760 d.

264 2790 503 2831 Johannes
536 2803 658 2841 papa
692 2790 777 2831 fuit
813 2794 859 2831 et
895 2791 953 2831 sit
978 2790 1118 2831 homo

265 2864 500 2913 peccator,
534 2861 719 2902 notorie
754 2861 1033 2902 criminosus
1065 2861 1120 2901 de

626 128 650 161 Ι.
679 126 900 161 Abschnitt.
949 124 1106 158 Johann
1134 122 1271 157 XXIII.
1299 124 1376 157 und
1404 123 1475 158 das
1502 123 1648 158 Konzil.

1178 248 1353 276 verum.
1424 235 1469 275 P.
1505 234 1690 275 Posonii
1737 235 1861 285 dicit,
1908 233 2029 284 quod

1178 309 1368 358 propter
1413 306 1585 346 malum
1638 306 1845 356 regimen
1894 316 2029 344 suum

1179 381 1330 418 totam
1386 377 1631 418 ecclesiam
1693 375 2029 417 scandalizavit

1180 452 1223 489 et
1251 448 1373 499 quod
1392 451 1463 488 est
1484 448 1698 498 indignus
1719 447 1776 488 ad
1794 448 2030 497 papatum.

1180 518 1419 560 Olorensis
1454 518 1578 568 dicit,
1613 518 1748 568 quod,
1794 517 1831 557 si
1867 528 1917 556 se
1963 527 2032 556 re-

1178 592 1323 641 geret,
1359 592 1408 630 ut
1445 589 1580 639 rexit7
1628 590 1755 629 esset
1802 587 2032 637 indignus.

1180 661 1334 702 Addit.
1369 660 1490 710 quod
1523 671 1604 710 per
1636 660 1789 710 ipsum
1836 658 2033 699 scanda-

1179 733 1347 772 lizatur
1399 731 1610 771 ecclesia.
1667 729 2034 781 Cephaludensis

1185 803 1292 843 dicit
1339 802 1586 842 articulum
1621 813 1783 841 verum
1824 800 2036 851 quodque

1186 873 1398 913 totaliter
1411 872 1625 922 indignus
1639 874 1709 912 est
1729 871 1786 911 ad
1798 873 2036 921 papatum.

1246 940 1369 982 LXV.
1425 943 1591 984 Testes
1635 942 1843 983 referunt
1886 953 1936 982 se
1981 941 2038 981 ad

1188 1015 1342 1065 priora
1367 1014 1505 1055 dicta.
1540 1013 1898 1054 Mediolanensis
1929 1012 2035 1072 dicit

1187 1086 1432 1126 articulum
1468 1097 1573 1125 esse
1609 1096 1769 1125 verum
1805 1086 1847 1124 et
1895 1083 2039 1124 credit

1186 1157 1305 1197 sicut
1342 1156 1647 1206 evangelium.
1714 1154 1896 1196 (Junczo
1930 1154 2037 1195 dicit

1187 1229 1431 1269 articulum
1469 1240 1643 1268 verum.
1684 1226 2040 1278 Quinqueeccle-

1188 1299 1356 1340 siensis
1404 1299 1511 1340 dicit
1564 1298 1810 1339 articulum
1865 1309 2041 1347 verum,

1185 1371 1304 1411 sicut
1354 1372 1466 1410 stat.
1535 1370 1822 1410 Procurator
1868 1368 2042 1409 ordinis

1185 1440 1578 1482 Theotonicoruin
1616 1440 1723 1481 dicit
1760 1442 1808 1480 ut
1857 1439 1900 1479 in
1936 1450 2040 1489 pro—

1183 1512 1324 1563 ximo,
1350 1512 1542 1562 addens,
1562 1511 1684 1562 quod
1702 1514 1776 1551 est¹
1792 1512 2040 1561 reputatus

1185 1595 1267 1633 pro
1303 1582 1487 1623 diabolo
1522 1583 1784 1633 incarnato,
1831 1593 1923 1622 non
1957 1593 2040 1632 pro

1185 1654 1383 1694 homine.
1447 1653 1573 1704 Deys
1628 1653 1736 1693 dicit
1794 1653 2041 1693 articulum

1187 1737 1346 1765 verum
1371 1727 1416 1765 et
1442 1724 1691 1766 notorium.
1726 1724 1773 1764 Β.
1799 1724 1854 1764 de
1880 1723 2041 1764 Vinoio

1187 1796 1295 1836 ‹tic-it
1332 1808 1437 1836 esse
1462 1808 1638 1845 verum7
1674 1795 1780 1846 quia
1810 1795 2041 1846 publicum

1187 1871 1231 1907 et
1298 1867 1548 1907 notorium.
1643 1866 1785 1907 Nardi
1851 1865 2041 1916 deponit

1188 1950 1293 1978 eum
1329 1937 1562 1988 publicum
1588 1937 1896 1978 diffamatum.
1922 1936 2043 1977 Wol-

1188 2020 1348 2049 marus
1404 2009 1513 2049 dicit
1571 2008 1814 2049 articulum
1864 2019 2042 2058 verum⁷

1189 2080 1295 2130 qnia
1330 2080 1506 2130 lapides
1532 2080 1737 2120 clamant
1760 2079 1847 2119 hoc
1879 2081 1925 2119 et¹
1956 2078 2043 2119 hoo

1189 2154 1263 2191 est
1296 2151 1545 2191 notorium.
1611 2150 1829 2191 Tarunda
1853 2150 2040 2201 deponit

1191 2222 1245 2262 de
1311 2222 1437 2262 fama
1504 2233 1679 2262 verum.
1782 2218 2046 2277 Tai'iinda,³)

1190 2293 1299 2333 (licit
1335 2292 1581 2333 articulum
1606 2303 1781 2342 verum,
1812 2291 2042 2342 publicum

1191 2366 1235 2403 et
1270 2363 1522 2403 notorium.
1566 2362 1909 2402 Assissinensis
1935 2362 2042 2402 dicit

1192 2434 1437 2475 articulum
1474 2445 1649 2474 verum.
1715 2432 1843 2473 Adde
1870 2433 2043 2473 dictum

1192 2505 1545 2546 t'anieracensis
1561 2499 1607 2555 b).

1254 2572 1399 2616 LXVI.
1465 2575 1632 2616 Testes
1666 2574 1872 2615 referunt
1908 2586 1958 2614 se
1989 2574 2047 2614 ad

1193 2648 1320 2699 prius
1375 2648 1603 2698 deposita.
1690 2644 2045 2696 Quinqueeccle-

1195 2718 1364 2759 siensis
1399 2718 1507 2759 dicit
1534 2717 1779 2758 articulum
1804 2728 1963 2757 verum
1990 2728 2045 2756 ex

1194 2789 1334 2829 fama.
1419 2788 1558 2829 Nardi
1612 2788 1667 2828 de
1715 2787 1855 2828 fania.
1927 2786 2045 2827 Wol-

1195 2872 1354 2900 marus
1389 2859 1575 2910 deponit
1611 2859 1666 2899 de
1700 2857 1827 2898 fama
1860 2860 1904 2898 et
1931 2869 2046 2898 voce

384 3013 416 3037 a)
438 3009 520 3036 Him·
540 3009 617 3035 odm-
639 3009 680 3035 im
708 3009 832 3043 vsu-iyen
856 3009 949 3036 Sam
971 3009 1008 3037 ist
1029 3009 1078 3037 pin
1104 3008 1246 3035 ander-eo·
1266 3008 1372 3035 Nam(²
1391 3008 1596 3036 einen-sehon.
1636 3006 1754 3035 Femer
1775 3006 1805 3032 in
1836 3007 1861 3033 ι’
1883 3006 1951 3032 uml
1970 3005 2048 3032 Par.

268 3056 299 3090 b)
321 3056 364 3084 So
386 3056 474 3085 beide
498 3057 569 3083 Ilss.
