2178 3404
113 182 154 216 E.
204 182 397 216 Benedikt
416 176 516 215 XIII.
544 193 579 215 u.
608 182 642 215 d.
669 182 805 215 Konzil
836 193 869 215 v.
899 182 932 215 d.
953 182 1207 215 Subtraktion
1236 182 1293 215 1115
1322 193 1351 215 z.
1374 183 1487 216 Wahl
1515 183 1680 217 Martius
1699 184 1743 217 V.
1801 175 1881 217 ’591

113 291 212 343 11115,
245 291 367 342 quod
400 291 500 343 hoc,
534 291 655 342 quod
689 291 918 342 allegatur
952 292 1237 344 scandalum,
1271 304 1363 333 non
1397 294 1471 332 est
1496 292 1780 344 pusillorum,
1815 295 1885 335 cui

112 373 192 412 per
224 361 395 402 bonum
431 361 662 412 prelatum
697 363 768 402 est
804 373 885 412 per
919 362 1194 413 cessionem,
1219 363 1256 403 si
1281 363 1510 414 expediat,
1536 364 1885 417 providendum,

112 434 186 473 set
225 434 299 473 est
347 432 553 473 activum
602 432 873 474 scandalum
924 433 1244 483 phariseorum
1291 434 1605 484 precissorum
1658 437 1761 486 etc.,
1815 436 1885 477 cui

110 504 185 543 est
216 503 384 544 merito
416 503 745 554 resistendum,
787 503 857 544 cui
897 503 1058 554 eciam,
1101 504 1208 545 dum
1241 504 1482 556 allegatur,
1532 505 1718 557 sufficit,
1765 507 1886 557 quod

109 573 364 625 respondet
396 574 590 625 veritas,
615 576 661 614 et
685 576 737 614 ut
760 574 987 615 recitatur
1010 574 1054 614 in
1079 586 1269 626 canone,
1295 587 1375 625 per
1398 575 1585 616 beatum
1613 575 1883 627 Gregorium

109 645 243 686 valde
279 644 337 685 ad
363 644 656 695 propositum
683 644 948 685 declaratur
972 647 1017 685 et
1045 657 1126 696 per
1148 645 1236 686 hoc
1260 645 1443 686 videtur
1467 658 1741 697 responsum
1770 648 1884 699 aliis,

109 728 196 767 que
229 716 339 756 licet
371 715 524 755 minus
558 727 667 755 vere
702 715 758 756 ad
792 715 1119 766 probacionem
1155 716 1362 757 scandali
1398 717 1672 769 allegantur,
1708 719 1883 759 scilicet

108 786 314 828 fautoria
347 786 596 827 inveterati
632 786 886 837 scismatis,
930 786 1143 827 turbacio
1190 787 1385 839 unionis,
1432 787 1620 829 infamie
1666 790 1885 841 suspicio,

109 859 266 898 status
300 856 579 898 universalis
614 856 809 897 ecclesie
844 857 1144 909 periclitacio,
1185 869 1271 908 que
1306 860 1354 898 ut
1390 859 1645 908 predictum
1687 863 1758 900 est
1793 872 1883 901 non

109 928 388 978 proveniunt
421 939 478 968 ex
515 927 647 978 culpa
671 927 743 968 vel
777 927 960 969 malicia
996 940 1126 979 pape,
1161 930 1233 968 set
1265 928 1462 980 illorum,
1498 930 1570 980 qui
1606 930 1751 980 ipsius
1786 944 1885 981 per-

108 998 402 1040 secucionem
436 1000 483 1039 et
516 1009 596 1049 per
620 1010 912 1050 consequens
936 1010 1094 1039 veram
1121 1000 1335 1040 unionem
1361 1000 1556 1041 ecclesie
1580 1001 1885 1051 impedientes

108 1069 205 1110 suis
253 1069 529 1110 inordinatis
579 1068 824 1110 affectibus
872 1069 960 1110 hoc
1008 1072 1105 1111 tam
1155 1082 1345 1111 enorme
1399 1071 1670 1111 scandalum
1721 1075 1884 1113 contra

107 1140 354 1181 ecclesiam
387 1141 435 1180 et
467 1140 619 1191 ipsum
655 1142 955 1181 commovent
988 1152 1071 1181 seu
1103 1143 1372 1192 procurant.

226 1222 283 1263 Et
307 1235 410 1264 cum
435 1223 659 1274 sequitur,
684 1223 805 1274 quod
828 1224 1033 1264 universi
1059 1224 1221 1264 fideles
1237 1224 1409 1275 vident,
1434 1224 1552 1275 quod
1578 1237 1660 1275 per
1682 1225 1884 1277 modum,

106 1294 181 1344 qui
215 1295 403 1345 petitur,
438 1294 576 1344 clare,
621 1293 828 1334 breviter
873 1297 917 1335 et
954 1306 1117 1335 secure
1150 1294 1232 1335 Dei
1267 1295 1466 1336 ecclesia
1500 1296 1721 1347 uniretur,
1767 1309 1885 1348 papa

105 1364 372 1416 respondet,
397 1364 519 1415 quod
541 1364 677 1404 valde
700 1365 911 1416 miratur,
936 1365 1168 1416 quomodo
1194 1366 1278 1406 viri
1303 1366 1476 1406 literati
1501 1370 1545 1406 et
1571 1367 1884 1417 intelligentes

104 1435 191 1476 1100
225 1437 447 1476 asserunt
485 1437 534 1476 et
577 1447 669 1475 non
719 1436 982 1487 attendunt,
1031 1448 1123 1477 non
1172 1448 1277 1477 esse
1326 1448 1502 1488 verum,
1552 1438 1673 1488 quod
1722 1450 1884 1479 onmes

104 1505 262 1546 fideles
310 1506 378 1546 ita
420 1505 579 1546 vident
631 1506 703 1547 vel
745 1506 952 1547 credunt.
1025 1506 1156 1558 Nam,
1199 1509 1251 1547 ut
1294 1507 1552 1557 predictum
1596 1511 1683 1555 051,
1730 1509 1883 1559 plures

105 1588 209 1617 cum
243 1589 364 1628 papa
397 1579 557 1618 tenent
595 1577 898 1628 contrarium,
923 1578 1137 1628 quamvis
1172 1578 1272 1618 sola
1306 1590 1424 1628 pape
1459 1579 1611 1629 opinio
1647 1579 1882 1621 sufficeret

106 1649 153 1688 et
186 1649 318 1688 esset
350 1647 564 1689 omnibus
601 1647 702 1688 aliis
737 1647 1026 1698 preferenda.
1089 1649 1310 1689 Preterea
1344 1649 1444 1699 quis
1469 1649 1732 1700 intelligens
1757 1651 1883 1691 dubi-

105 1720 192 1769 tat,
226 1718 333 1769 quin
366 1719 473 1759 unio
507 1718 702 1759 ecclesie
737 1730 817 1769 per
858 1719 1062 1770 modum,
1098 1719 1172 1770 qui
1216 1720 1405 1771 petitur,
1449 1724 1577 1761 esset
1610 1733 1701 1761 non
1743 1721 1881 1773 clara,

105 1790 179 1829 set
204 1788 418 1841 obscura,
451 1801 544 1830 non
570 1800 751 1840 secura,
787 1792 857 1830 set
884 1789 1035 1840 dubia,
1069 1801 1161 1831 non
1184 1790 1354 1841 brevis,
1387 1793 1456 1831 set
1482 1791 1620 1843 nulla,
1655 1792 1693 1832 si
1718 1793 1879 1833 statim

106 1859 205 1900 sine
239 1860 328 1900 alia
361 1859 673 1910 disposicione
708 1860 863 1901 future
897 1861 1079 1901 unionis
1114 1861 1310 1902 ecclesie
1349 1873 1430 1912 per
1473 1862 1737 1904 obediencie
1777 1863 1882 1904 sub-

104 1930 399 1982 tractionem,
434 1942 515 1981 per
546 1931 810 1971 reddituum
853 1931 1282 1972 ecclesiasticorum
1328 1935 1372 1972 et
1417 1933 1611 1974 aliorum
1656 1934 1883 1975 bonorum

103 2001 430 2052 temporalium
473 2001 818 2052 spoliacionem,
866 2013 947 2052 per
988 2003 1280 2052 corporalem
1326 2005 1371 2043 et
1414 2003 1632 2044 hostilem
1669 2017 1883 2055 persecu-

102 2071 281 2112 cionem
316 2074 364 2113 et
396 2071 704 2113 reclusionem
729 2074 777 2112 et
810 2084 890 2123 per
923 2073 1090 2113 mortis
1116 2073 1530 2114 comminacionem
1558 2087 1676 2125 papa
1701 2076 1885 2126 cogitur

103 2142 363 2193 approbare
396 2144 444 2183 et
477 2145 738 2194 acceptare,
773 2143 895 2194 quod
927 2144 1127 2194 petinii-3
1164 2145 1211 2184 et
1244 2145 1458 2195 precipue
1492 2146 1599 2196 quia
1632 2146 1676 2186 in
1701 2147 1882 2188 cunctis

102 2213 295 2263 agendis
343 2213 535 2254 libertas
579 2213 885 2265 subtrahitur,
935 2215 972 2254 si
1023 2215 1068 2254 in
1111 2214 1213 2256 loco
1255 2227 1347 2256 non
1391 2227 1572 2267 securo,
1617 2217 1795 2258 scilicet
1838 2218 1881 2257 in

103 2282 403 2336 Constancia,
446 2284 536 2336 illa,
571 2296 657 2335 que
693 2285 817 2326 circa
850 2285 1107 2336 predictam
1143 2286 1356 2327 unionem
1394 2287 1575 2337 agenda
1609 2291 1733 2338 sunt,
1769 2288 1883 2328 fiant

101 2355 154 2393 ut
184 2354 370 2404 petitur.
435 2355 557 2396 Bene
590 2358 750 2397 tamen
784 2360 949 2407 posset
982 2357 1083 2406 dici,
1119 2357 1241 2407 quod
1274 2369 1366 2397 non
1400 2369 1481 2407 per
1515 2357 1716 2408 modum,
1751 2359 1826 2408 qui
1857 2372 1882 2399 a

102 2423 386 2465 scismaticis
420 2426 608 2476 petitur,
644 2429 715 2466 set
752 2438 832 2476 per
864 2427 1052 2467 modum
1087 2438 1167 2477 per
1201 2439 1370 2477 papam
1405 2426 1611 2467 oblatum
1646 2430 1692 2468 et
1727 2428 1782 2468 ab
1813 2429 1880 2469 eis

102 2494 335 2544 repulsum
372 2495 510 2547 clare,
544 2495 748 2537 breviter
781 2500 827 2537 et
864 2508 1028 2537 secure
1061 2497 1142 2537 Dei
1185 2497 1383 2538 ecclesia
1427 2498 1724 2539 cessantibus
1757 2499 1880 2540 frau-

104 2563 236 2605 dibus
270 2565 493 2616 uniretur,
530 2568 617 2617 set,
652 2570 791 2617 prout
823 2567 867 2607 in
901 2567 1051 2617 gestis
1086 2570 1295 2618 apparet,
1329 2568 1513 2608 notorie
1547 2569 1740 2618 predicti
1766 2571 1880 2610 scis-

101 2635 261 2676 matici
296 2635 355 2676 ad
387 2635 511 2676 illam
545 2647 704 2677 veram
741 2639 786 2677 et
822 2637 1100 2679 catholicam
1140 2638 1370 2688 unionem,
1413 2650 1550 2689 quani
1591 2651 1711 2690 papa
1757 2653 1880 2681 com-

102 2705 227 2755 plere
261 2706 512 2757 desiderat,
545 2718 637 2747 non
670 2707 930 2758 intendunt,
979 2708 1061 2748 sed
1103 2708 1253 2748 solum
1289 2708 1346 2748 ad
1389 2709 1488 2749 eius
1533 2709 1783 2761 fictionem,
1830 2713 1881 2751 ut

103 2775 208 2816 inde
240 2777 484 2826 pervenire
526 2777 716 2817 valeant
759 2778 815 2818 ad
859 2789 970 2819 suos
1012 2779 1214 2829 illicitos,
1249 2779 1460 2819 carnales
1507 2782 1551 2820 01
1599 2781 1880 2832 dampnatos

104 2845 318 2899 affectus,
352 2859 469 2898 quos
503 2859 595 2888 non
629 2848 815 2898 expedit
848 2860 931 2899 pro
965 2861 1086 2890 nunc
1119 2849 1314 2889 ulterius
1349 2850 1588 2891 declarari.

222 2928 293 2970 Ad
337 2930 447 2970 illud
494 2932 665 2981 autem,
711 2931 832 2981 quod
885 2932 930 2971 in
976 2932 1184 2982 predicta
1230 2932 1391 2972 cedula
1448 2933 1710 2984 requiritur,
1759 2934 1881 2984 quod

105 2999 267 3039 teneat
300 3009 439 3041 unam
465 3003 512 3041 et
534 3001 703 3052 plures,
739 3001 777 3041 si
811 3002 1040 3053 expediat,
1069 3002 1309 3042 sessiones
1335 3004 1512 3044 concilii
1537 3004 1781 3055 generalis,
1806 3004 1881 3044 ubi

106 3079 246 3118 super
277 3070 521 3120 premissis
556 3073 603 3112 et
637 3071 753 3123 aliis,
788 3084 874 3122 que
907 3081 1067 3123 pacem
1103 3074 1149 3113 et
1184 3072 1382 3114 salutem
1421 3086 1473 3114 ac
1508 3076 1687 3115 statum
1727 3075 1880 3115 tocius
