2178 3404
290 160 375 203 592
651 171 713 204 III.
742 171 962 204 Abschnitt.
1013 170 1206 205 Benedikt
1232 171 1331 205 XIII.
1359 172 1438 205 und
1465 172 1535 206 das
1562 172 1711 207 Konzil.

294 280 653 321 christianitatis
688 282 736 320 et
768 280 1047 321 universalis
1081 281 1276 321 ecclesie
1310 282 1492 322 notorie
1527 285 1827 335 concernunt,
1850 284 2071 325 deliberet

290 364 393 393 cum
431 352 555 391 dicto
592 350 801 402 concilio,
836 360 956 401 papa
990 352 1255 403 respondet,
1291 352 1412 403 quod
1444 352 1552 394 licet
1585 354 1829 394 concilium
1853 356 2068 405 generale

294 435 373 473 per
406 423 556 472 ipsum
602 422 925 462 continuatum
970 422 1122 473 fuerit,
1158 423 1356 473 qualiter
1390 425 1547 464 tamen
1589 424 1643 464 de
1677 426 1882 475 presenti
1926 426 2067 476 impe-

288 494 414 534 ditur
448 493 548 543 ipso
583 493 764 533 recluso
799 492 843 532 in
876 492 964 534 hoc
988 505 1134 544 parvo
1170 496 1328 535 castro
1363 494 1417 534 de
1452 494 1711 546 Paniscola,
1737 496 1855 536 satis
1885 497 2068 538 notorie

287 565 413 614 patet
449 562 713 604 volentibus
749 563 1006 616 attendere,
1042 565 1147 615 quia
1179 576 1264 605 nec
1299 565 1491 615 prelatis
1531 576 1615 605 nec
1651 566 1751 606 aliis
1784 566 2066 607 notabilibus

286 634 498 685 personis
533 636 605 674 est
641 633 754 674 liber
785 634 1028 685 ingressus
1061 647 1145 675 nec
1181 647 1419 687 egressus,
1453 647 1537 675 nec
1573 636 1755 676 mansio
1779 636 1866 676 nisi
1892 638 2066 689 paucis,

286 705 450 755 quibus
487 704 780 755 aliquomodo
816 706 1088 746 conceditur
1120 706 1175 746 de
1210 707 1458 746 custodum
1492 718 1549 747 ne
1596 707 1805 748 dicamus
1853 707 2065 749 obsiden-

286 777 403 816 cium
442 775 634 815 licencia
669 776 872 826 speciali.
923 776 1046 817 Bene
1082 777 1199 817 satis
1234 778 1394 827 potest
1427 778 1680 828 presummi
1714 778 1836 818 inter
1863 780 1935 819 tot
1968 791 2065 820 1110-

285 847 446 886 lestias
482 847 621 897 atque
655 847 858 896 pericula.
893 859 977 888 sua
1011 850 1055 887 et
1092 860 1281 889 suorum
1307 847 1507 889 fidelium
1534 860 1670 899 quam
1698 849 1827 900 plura
1851 852 1899 890 et
1921 850 2065 891 libera

285 929 427 967 super
458 917 559 967 hiis,
595 928 681 967 que
716 917 759 957 in
795 920 890 958 tam
918 919 1073 958 arduis
1098 919 1437 959 deliberacione
1461 919 1680 971 indigent,
1706 933 1821 971 pape
1846 922 2068 971 poterunt

283 988 528 1038 provenire
563 988 770 1039 consilia,
806 989 875 1029 cui
918 1001 1009 1029 non
1044 990 1296 1039 prebentur
1338 990 1481 1031 libera
1517 990 1806 1032 visitacionis
1849 993 1897 1032 et
1942 992 2064 1033 colo-

284 1059 488 1099 cacionis
524 1058 713 1099 solacia.

403 1140 514 1180 Cum
551 1142 706 1181 autem
743 1143 1005 1194 requiritur,
1040 1143 1160 1193 quod
1195 1155 1244 1183 se
1280 1144 1323 1183 in
1359 1144 1552 1185 concilio
1587 1156 1786 1195 purgare
1810 1144 1980 1186 debeat
2008 1145 2062 1186 de

287 1212 374 1262 illa,
409 1224 546 1262 quam
582 1212 716 1252 multi
751 1213 967 1263 allegant,
1010 1226 1156 1265 mora,
1192 1215 1325 1265 culpa
1360 1216 1407 1254 et
1440 1214 1645 1266 infamia,
1686 1216 1833 1256 eciam
1873 1216 1928 1256 de
1961 1216 2063 1268 fide,

282 1283 393 1322 dicit
426 1295 560 1334 papa,
595 1283 730 1333 quod,
764 1284 941 1324 utinam
977 1286 1310 1335 presentantes
1344 1285 1461 1325 hanc
1497 1285 1706 1326 cedulam
1741 1286 1984 1327 honestius
2015 1288 2063 1327 et

284 1354 542 1394 modestius
578 1366 735 1393 secum
772 1355 1035 1395 voluissent
1067 1356 1318 1406 procedere
1353 1358 1397 1396 et
1432 1356 1697 1408 veritatem,
1738 1368 1876 1407 quam
1923 1369 2063 1408 super

281 1425 365 1464 hoc
400 1425 454 1464 de
490 1425 590 1476 ipso
625 1426 669 1465 et
707 1437 791 1465 sua
825 1425 912 1466 fide
948 1426 1070 1466 clare
1105 1428 1153 1466 et
1186 1426 1367 1467 indubie
1402 1430 1711 1477 perceperunt
1755 1427 1963 1479 firmiter,
2011 1430 2063 1469 ut

281 1497 510 1546 tenentur,
545 1507 774 1546 asserere,
809 1497 915 1547 quia
949 1508 1031 1547 per
1063 1497 1145 1537 Dei
1178 1497 1387 1547 graciam
1422 1510 1542 1548 papa
1575 1510 1665 1538 non
1699 1498 1842 1538 habet
1882 1510 2059 1550 casum,

280 1566 334 1605 de
369 1578 457 1617 quo
492 1566 662 1606 debeat
696 1579 745 1606 se
780 1579 993 1619 purgare,
1027 1569 1079 1608 ut
1112 1568 1294 1609 notorie
1329 1570 1459 1619 patet
1498 1568 1552 1608 de
1585 1568 1687 1619 hiis,
1723 1581 1863 1620 super
1895 1569 2058 1620 quibus

279 1637 433 1686 agitur
465 1637 509 1677 in
552 1638 772 1689 presenti,
808 1651 910 1678 cum
954 1651 1045 1679 non
1090 1639 1402 1680 contendatur
1445 1640 1499 1679 de
1542 1638 1629 1679 fide
1672 1652 1757 1680 nec
1806 1640 1953 1680 eciam
2004 1641 2059 1681 de

280 1708 449 1748 unione
484 1708 693 1759 ecclesie,
728 1710 846 1759 qma,
882 1712 933 1750 ut
966 1710 1201 1750 notorium
1238 1712 1324 1761 est,
1358 1723 1480 1761 papa
1514 1711 1657 1751 verbo
1692 1712 1740 1751 et
1774 1722 1911 1761 opere
1934 1711 2058 1752 illam

279 1778 376 1818 vult
409 1780 453 1818 et
489 1781 685 1819 actenus
720 1782 1000 1830 prosecutus
1035 1780 1134 1831 fuit,
1170 1782 1213 1821 et
1251 1781 1287 1820 si
1322 1793 1441 1821 nunc
1468 1782 1833 1832 permitteretur,
1863 1781 2061 1822 libenter

276 1851 324 1889 et
357 1861 460 1889 cum
502 1849 672 1890 effectu
722 1851 861 1891 vellet
910 1863 1013 1892 eam
1064 1853 1281 1902 prosequi
1336 1852 1482 1892 eciam
1533 1864 1613 1902 per
1658 1853 1781 1892 viam
1829 1853 2058 1893 cessionis

278 1920 417 1971 illam,
465 1923 516 1961 ut.
562 1921 820 1962 adversarii
866 1923 1042 1973 volunt,
1091 1923 1179 1963 viis
1226 1924 1397 1964 ceteris
1446 1923 1737 1974 preferendo,
1788 1924 1861 1963 set
1907 1923 2056 1964 solum

275 2002 395 2031 nunc
445 1992 611 2043 agitur,
662 1992 735 2032 ubi
782 1993 862 2033 fiet
907 1993 1188 2045 habilitacio,
1236 1995 1387 2034 cessio
1439 1997 1486 2034 et
1534 1994 1699 2034 electio
1750 1994 2055 2046 successoris,

280 2062 566 2103 adversariis
602 2063 882 2115 petentibus,
917 2064 1039 2115 quod
1081 2064 1164 2105 fiat
1205 2077 1286 2116 per
1319 2067 1652 2116 procuratores
1694 2065 1738 2104 in
1773 2064 2056 2106 Constancia

274 2135 321 2173 et
374 2146 493 2184 papa
537 2134 737 2185 volente,
780 2135 901 2185 quod
943 2135 1027 2175 hec
1070 2135 1185 2175 fiant
1227 2136 1270 2175 in
1314 2136 1402 2176 alio
1446 2136 1548 2176 loco
1591 2135 1734 2175 libero
1784 2137 1832 2175 et
1874 2147 2054 2187 securo,

275 2203 405 2244 iuxta
454 2204 661 2254 praticas
713 2217 793 2255 pro
850 2218 963 2246 vera
1012 2206 1179 2246 unione
1231 2207 1427 2247 ecclesie
1476 2207 1567 2247 iam
1619 2208 1854 2256 appertas.
1918 2206 2055 2246 Patet

273 2274 429 2325 igitur,
465 2275 585 2325 quod
618 2287 710 2315 non
746 2276 1043 2316 contenditur
1077 2277 1130 2316 de
1165 2277 1267 2328 hiis,
1303 2289 1388 2327 que
1424 2277 1480 2317 ad
1513 2277 1649 2317 fidem
1684 2277 1932 2327 pertinent,
1979 2279 2053 2317 set

272 2347 344 2384 est
382 2346 625 2386 contencio
661 2346 715 2385 de
751 2346 850 2386 loco
886 2347 1182 2397 vonstanoie,
1217 2347 1338 2397 quod
1370 2359 1463 2387 non
1488 2347 1663 2398 absque
1687 2348 1817 2397 gravi
1848 2348 2051 2397 periculo

272 2415 468 2456 ecclesie
503 2429 584 2466 per
618 2417 918 2457 scismaticos
953 2420 1000 2458 et
1033 2418 1281 2469 hereticos,
1316 2419 1367 2458 ut
1391 2420 1465 2458 est
1490 2418 1707 2468 suspicio,
1733 2417 2054 2458 fralululenter

273 2487 458 2537 petitur,
502 2487 608 2527 dum
663 2489 869 2538 praticas
923 2490 1163 2540 respuunt,
1212 2501 1292 2539 per
1336 2501 1452 2539 quas
1500 2489 1725 2539 securius,
1772 2488 1959 2528 brevius
2005 2491 2051 2529 et

272 2557 428 2597 utilius
463 2558 662 2598 ecclesia
696 2559 918 2610 uniretur,
954 2571 1089 2609 quam
1126 2559 1342 2599 unionem
1386 2572 1505 2610 papa
1548 2559 1813 2610 requirente
1855 2559 1899 2598 in
1944 2559 2049 2599 Per-

273 2628 456 2677 piniano
492 2629 759 2683 potui-ssent
792 2629 912 2670 infra
946 2639 1122 2680 paucos
1166 2630 1264 2670 dies
1307 2631 1543 2681 consequi,
1590 2630 1676 2670 nisi
1725 2630 1839 2680 ipsis
1886 2630 2049 2671 adver-

275 2698 411 2738 sariis
446 2699 724 2740 scandalose
760 2700 1087 2741 recusantibus
1127 2702 1175 2741 et
1215 2701 1539 2741 recedentibus
1575 2713 1627 2741 ac
1669 2701 2046 2751 1)‹‘›1¹se011ci()11e111

270 2770 433 2809 contra
467 2781 633 2819 papam
669 2771 979 2821 moventibus,
1020 2783 1137 2822 eam,
1178 2783 1314 2822 quam
1351 2783 1400 2811 se
1434 2771 1614 2822 fingunt
1657 2771 1786 2823 velle,
1828 2772 2042 2812 unionem

271 2838 366 2879 sere
402 2851 482 2889 per
514 2840 746 2881 biennium
786 2842 1080 2893 dilatassent,
1126 2842 1247 2892 quod
1291 2854 1383 2882 non
1430 2844 1559 2883 caret
1605 2842 1820 2892 scrupulo
1869 2841 2046 2882 fraudis

271 2911 317 2949 et
351 2911 716 2951 machinacionis
750 2913 945 2952 occulte.

390 2993 460 3033 Ad
507 2993 613 3033 illud
662 3006 786 3044 vero,
836 2995 957 3044 quod
1002 2995 1046 3034 in
1091 2995 1299 3045 predicta
1345 2995 1507 3035 cedula
1553 2995 1832 3045 continetur,
1878 3004 2045 3045 papam

271 3063 425 3103 omnia
480 3076 562 3114 per
615 3076 664 3104 se
715 3063 854 3115 facta,
905 3065 1030 3105 dicta
1078 3067 1126 3106 et
1174 3065 1368 3106 dicenda
1420 3066 1464 3105 in
1519 3068 1565 3106 et
1616 3077 1757 3116 super
1804 3065 2045 3116 premissis
