2178 3404
588 195 682 228 Kar!
711 195 924 229 Malatesta
952 207 999 229 an
1029 195 1229 239 Pfalzgraf
1255 196 1422 236 Ludwig:
1810 189 1895 229 355

125 305 239 346 alias
271 305 460 356 insuper
492 304 566 344 alii
599 305 816 346 invenere
845 304 1072 346 fictiones.
1126 305 1295 346 Dicunt
1328 305 1446 346 enim
1483 305 1892 358 d.Baldassare1n‚

122 377 417 427 preterquam
449 370 593 427 [caret
608 370 646 427 Ρ]
672 374 806 415 totali
834 375 1065 426 libertate,
1097 387 1183 426 que
1209 379 1366 416 tamen
1396 375 1480 416 sibi
1508 376 1553 416 in
1581 376 1708 417 brevi
1734 376 1893 418 futura

122 448 209 498 est,
233 446 278 486 in
296 445 416 486 bono
436 447 483 486 et
502 445 676 486 honore
694 445 865 486 vivere.
900 445 993 486 Nec
1013 449 1233 487 verentur
1251 447 1435 497 quidam
1454 447 1605 487 dicere
1625 458 1675 487 se
1693 448 1892 498 propriis

122 517 424 568 conspexisse
469 516 629 567 oculis,
676 516 860 567 quidam
906 516 978 556 alii
1025 516 1265 567 dignorum
1313 517 1400 563 fide
1446 517 1610 558 relatu.
1687 518 1892 569 Eumque

120 587 300 638 fingunt
332 589 629 638 aucupatum,
663 590 885 628 venatum
910 588 1096 628 euntem
1121 587 1398 639 1·evisisse²),
1434 588 1507 638 qui
1541 587 1677 639 forte,
1715 589 1752 628 si
1786 600 1891 639 pos-

121 660 207 710 set,
252 670 344 699 non
389 657 704 699 delectaretur
749 659 983 709 aucupatu
1031 660 1307 709 venatuque.
1371 658 1465 698 Hec
1512 659 1677 709 quippe
1723 662 1891 700 cuncta

120 729 228 770 mali
250 728 359 770 licet
382 740 466 769 suo
491 728 681 769 tandem
706 731 957 779 operentur
980 729 1195 779 dampno,
1230 729 1349 769 satis
1378 731 1536 769 tamen
1564 724 1721 781 utileb)
1753 730 1891 770 fuerit

119 799 375 851 providere,
420 796 628 851 nedum‘)
671 799 756 839 sibi
799 800 913 850 ipsis
952 811 1042 840 non
1086 799 1337 840 formident
1379 812 1560 843 nocere,
1608 801 1774 841 saltem
1820 813 1891 841 ce-

118 871 232 911 teris
279 870 654 921 christianorum,
701 870 739 910 si
789 870 956 911 obesse
1002 871 1257 921 elegerunt,
1303 873 1549 921 nequeant.
1620 871 1888 912 Remedium

119 952 299 992 quoque
333 940 452 981 satis
477 942 638 991 aptum
672 943 800 992 puto,
834 941 1047 992 quamvis
1083 941 1235 982 audax
1258 940 1381 982 forte
1404 941 1675 992 reprehendi
1711 954 1891 993 queam,

119 1014 334 1053 oratores
377 1013 683 1052 sacrosancte
718 1012 884 1063 synodi
928 1008 1174 1064 [mium-952]
1209 1023 1301 1052 non
1335 1012 1509 1063 differe,
1552 1012 1626 1063 qui
1672 1024 1781 1053 vera
1814 1024 1891 1063 ge-

119 1084 299 1123 storum
333 1082 565 1123 relacione
598 1082 798 1123 fidelium
824 1084 988 1123 sancte
1022 1082 1217 1123 ecclesie
1253 1083 1433 1123 animos
1469 1081 1654 1123 firment
1680 1086 1727 1124 et
1760 1082 1890 1123 falla-

118 1153 214 1194 cias
263 1153 479 1194 veritatis
529 1152 816 1194 confundant
864 1153 989 1203 luce3
1038 1153 1164 1193 istud
1210 1153 1254 1193 in
1301 1153 1475 1200 valde⁰)
1522 1152 1619 1194 fieri
1669 1153 1890 1204 supplico7

118 1224 335 1275 quoniam
368 1223 539 1265 bonum
574 1224 617 1264 in
652 1223 848 1264 Domino
882 1224 980 1265 fore
1013 1224 1222 1264 futurum
1258 1236 1408 1275 spero.
1464 1223 1561 1264 Scit
1595 1224 1784 1276 insuper
1817 1236 1890 1265 sa-

118 1307 245 1337 crum
280 1295 523 1336 concilium
557 1295 653 1346 regi
684 1294 954 1346 Aragonum
988 1295 1119 1335 iussu
1154 1297 1315 1336 vestro
1350 1307 1423 1336 me
1456 1295 1639 1336 litteras
1673 1295 1891 1336 exhorta-

116 1366 240 1406 tivas
282 1367 472 1417 propter
513 1365 709 1406 ecclesie
753 1368 917 1406 sancte
959 1366 1160 1416 quietem
1204 1366 1500 1417 scripturum.
1564 1366 1739 1406 Harum
1782 1378 1890 1407 ecce

116 1437 299 1478 destino
333 1436 570 1486 exemplar
602 1448 781 1477 necnon
823 1436 1175 1477 informacionis
1210 1437 1465 1488 cuiusdam,
1512 1449 1649 1488 quam
1686 1437 1890 1477 Bononie

116 1507 456 1548 destinavimus
502 1506 650 1548 frater
694 1509 859 1548 noster
902 1504 1135 1559 egoquel),
1180 1510 1372 1559 propter
1416 1519 1503 1559 que
1548 1519 1711 1559 pacem
1752 1508 1888 1548 animi

115 1578 264 1619 nostri
299 1580 345 1619 et
379 1589 513 1619 sacre
548 1578 713 1630 synodi
749 1578 1079 1620 obedienciam.
1123 1581 1297 1629 quanta
1329 1578 1464 1619 nobis
1497 1578 1639 1619 insita
1674 1579 1749 1629 sit⁷
1784 1590 1889 1620 con-

117 1648 230 1700 spici
263 1650 424 1700 potest
458 1681 466 1689 .
503 1681 510 1689 .
546 1681 554 1689 .
588 1649 703 1689 Hinc
751 1661 931 1700 quoque
978 1650 1274 1690 discessurus
1323 1661 1424 1691 sum
1471 1649 1606 1690 hodie
1652 1651 1696 1689 et
1733 1651 1891 1689 cetera

116 1722 284 1761 cuncta
325 1721 595 1761 tentaturus
643 1731 724 1770 pro
770 1720 956 1761 modulo
1002 1731 1122 1771 meo,
1164 1720 1392 1771 largiente
1425 1719 1636 1769 Domino,
1682 1719 1757 1770 qui
1793 1751 1799 1758 .

116 1792 331 1832 sanctam
357 1791 587 1842 synodum
623 1803 755 1832 suam
787 1791 971 1842 dirigat,
1006 1791 1080 1842 qui
1115 1791 1341 1832 bonorum
1376 1792 1451 1831 est
1485 1792 1652 1831 auctor
1685 1789 1889 1831 onmium

114 1861 159 1901 in
184 1861 418 1912 privatam
441 1862 593 1902 nostri
626 1861 944 1903 laborancium
970 1862 1291 1913 publicamque
1316 1862 1519 1903 omnium
1546 1861 1748 1902 salutem
1774 1860 1889 1901 chri-

115 1932 389 1973 stianorum.
455 1932 606 1973 Brixie
653 1932 768 1973 XVI.
813 1932 1047 1974 Kalendas
1095 1932 1382 1984 Septembris
1430 1944 1550 1973 anno
1596 1930 1889 1972 MCFCCXV.

233 2002 548 2044 Sacrosancte
595 2003 759 2055 synodi
805 2003 929 2044 filius
975 2006 1023 2045 et
1069 2003 1283 2045 servulus
1329 2003 1547 2045 minimus
1595 2002 1789 2043 Carolus
1837 2002 1891 2042 de

113 2074 390 2115 Malatestis.

112 2212 232 2268 (158)
260 2214 382 2257 Karl
413 2214 658 2257 Malatesta
703 2228 764 2257 (m
802 2215 1055 2269 Pfalzgraf
1082 2215 1304 2269 Lucia-59.-
1347 2215 1441 2257 Der
1475 2214 1728 2268 Pfalzglraf
1762 2218 1890 2268 wnogye

260 2286 408 2339 (lafitr
431 2287 662 2337 θὶηίνθΐρη,
694 2287 789 2340 (Ιαβ
811 2287 899 2328 (Ias
920 2286 1086 2328 Konzz'l
1108 2288 1197 2328 den
1219 2300 1294 2328 (mn
1320 2285 1541 2328 Kommen
1573 2286 1885 2327 verleinderlen

260 2355 455 2410 Bischof
479 2357 719 2398 Johcmnes
763 2369 841 2398 ron
885 2357 1013 2398 Forli
1055 2357 1368 2410 entsclmldiye
1408 2357 1509 2398 med
1549 2358 1645 2398 selu
1681 2355 1887 2398 Stellrer-

261 2425 688 2480 trelungyS-Mcmdat
719 2428 959 2468 (molehme.
1029 2428 1180 2468 Osimo
1220 2429 1333 2468 1415
1365 2425 1483 2479 Sept.
1519 2429 1586 2469 13.

238 2506 514 2550 l=l=⁷olfenbiittel‚
545 2507 635 2542 Coa.
663 2507 818 2541 Hebmst.
846 2508 916 2541 279
933 2508 960 2550 f.
988 2508 1069 2542 301.

233 2579 393 2621 Scribo
428 2576 768 2632 sacrosanctef)
803 2581 982 2632 synodo
1012 2580 1367 2622 Constanciensi
1401 2593 1483 2632 pro
1518 2581 1774 2622 reverendo
1808 2591 1886 2633 pa-

114 2652 186 2689 tre
219 2649 259 2690 d.
291 2649 503 2691 Johanne
536 2651 755 2702 episcopo
790 2651 1076 2702 Forliviensi‚
1112 2652 1429 2704 supplicando,
1471 2653 1606 2703 quod,
1651 2665 1753 2694 cum
1788 2653 1886 2703 ipse

114 2731 195 2771 per
228 2720 612 2762 informacionem
652 2722 788 2763 michi
823 2722 981 2763 datam
1027 2722 1088 2763 sit
1120 2734 1212 2763 non
1254 2722 1370 2763 bene
1414 2732 1558 2764 sanus
1600 2735 1684 2764 nec
1717 2725 1884 2774 potens

113 2793 305 2842 propter
326 2792 629 2843 exiguitatem
665 2793 786 2834 dicte
811 2805 894 2834 sue
927 2793 1122 2835 ecclesie
1155 2794 1345 2834 nimium
1369 2794 1580 2835 desolate
1603 2795 1651 2834 et
1673 2806 1729 2834 ex
1762 2793 1885 2835 mala

114 2862 382 2904 condicione
416 2865 464 2904 et
497 2863 815 2916 oppressione,
858 2875 995 2915 quam
1031 2864 1200 2905 civitas
1242 2864 1318 2906 illa
1350 2864 1512 2906 habuit
1554 2867 1600 2905 et
1633 2864 1884 2915 provincia⁷

230 2999 261 3032 a)
282 2999 330 3027 Hs
360 3007 399 3025 ve
430 3000 560 3027 visisse.
611 3000 642 3034 b)
663 3001 711 3027 Hs
741 3001 844 3027 utilis.
895 3002 924 3035 c)
953 3002 996 3029 So
1026 3001 1081 3028 Hs.
1133 3002 1297 3035 ‹1)Lz'ic·ke
1325 3002 1357 3028 in
1389 3001 1446 3028 der
1474 3001 1536 3035 Hs;
1568 3000 1721 3029 vielleieht
1752 3003 1884 3026 maturo

114 3045 265 3078 tempore
284 3054 326 3073 zu
344 3054 406 3081 cry.
444 3048 473 3080 e)
495 3047 542 3075 Hs
563 3050 790 3074 sacrosancto.

234 3105 258 3148 1)
285 3106 402 3142 Femt.

1588 3169 1670 3210 23*
