2178 3404
308 208 349 241 B.
402 208 471 241 Die
501 208 614 241 Reise
645 208 685 241 K.
714 208 956 250 Sigismunds
986 209 1084 242 nach
1113 209 1322 241 Narboune
1352 209 1427 242 und
1456 209 1689 251 perpignani.
1802 203 1887 243 437

118 319 237 370 gulis
286 317 468 358 actibus
518 317 691 377 dictam
741 318 986 358 materiam
1042 318 1412 369 pertingentibus
1461 331 1515 359 ac
1564 319 1888 371 incidentibus,

118 388 483 438 dependentibus
537 390 584 427 et
632 387 978 438 emergentibus
1031 401 1086 428 ex
1140 389 1301 429 eadem
1357 401 1439 429 seu
1492 390 1639 430 eidem
1695 391 1889 430 annexis

117 470 297 500 necnon
345 458 653 498 interessendi
701 459 955 509 cuicunque
1004 459 1198 499 concilio
1246 460 1345 499 sive
1394 461 1766 512 congregacioni,
1815 461 1888 502 ubi

117 530 378 570 intererunt
417 540 499 569 seu
539 528 850 569 intervenient
892 529 964 569 alii
1006 529 1060 569 de
1095 529 1363 571 obediencia
1396 530 1505 571 dicti
1542 531 1581 570 d.
1616 543 1658 571 n.
1693 543 1810 582 pape
1843 534 1891 572 et

119 595 195 652 [in]
221 599 393 640 eisdem
419 599 611 640 concilio
636 610 718 639 seu
743 598 1156 650 congregacione&
1190 600 1387 641 faciendi
1418 603 1465 641 et
1489 603 1749 652 requirendi
1772 604 1819 643 et
1847 603 1891 642 in

118 670 217 710 eius
252 670 453 710 animam
487 670 681 720 iurandi,
714 670 928 710 firmandi
952 672 1000 710 et
1022 671 1266 711 exercendi
1290 683 1451 711 omnes
1476 674 1523 712 et
1557 673 1764 723 singulos
1788 673 1891 714 illos

120 742 270 791 actus,
305 751 422 791 quos
455 740 607 780 dictus
643 752 800 781 comes
830 739 943 780 Fuxi
977 740 1145 792 facere,
1180 741 1427 791 requirere,
1461 741 1647 783 firmare
1681 746 1728 784 et
1761 756 1891 784 exer-

120 822 223 852 cere
257 812 420 861 posset
460 811 505 850 in
539 813 586 851 et
629 811 751 852 circa
795 811 1025 861 premissa
1058 813 1106 851 et
1140 811 1377 862 quodlibet
1409 824 1584 864 eorum,
1624 814 1662 854 si
1698 814 1758 854 ibi
1792 826 1892 865 per-

120 881 345 922 sonaliter
378 881 588 931 adesset3
622 881 756 922 firma
789 893 900 922 vero
936 883 1190 932 potestatis
1223 883 1315 923 iam
1350 883 1472 924 dicte
1506 884 1781 925 conficiatur
1814 897 1894 935 per

120 951 426 993 secretarium
469 951 793 993 destinandum
843 952 901 993 ad
940 953 1093 994 dictas
1139 953 1293 994 vistas
1329 985 1336 993 .
1374 986 1381 994 .
1418 985 1425 993 .
1462 954 1632 1006 taliter,
1680 955 1814 1007 quod,
1855 956 1891 996 si

121 1034 238 1073 opus
280 1021 434 1073 fuerit,
477 1034 616 1073 super
651 1025 755 1064 tota
788 1018 1031 1072 lnate1·ia¹’)
1065 1036 1149 1065 seu
1183 1024 1334 1075 aliquo
1368 1024 1467 1065 eius
1502 1025 1698 1066 articulo
1731 1026 1893 1066 eadem

121 1094 337 1145 potestas
381 1092 596 1134 ordinare
640 1125 647 1133 .
684 1125 691 1134 .
727 1126 735 1134 .
770 1095 927 1135 valeat
970 1126 977 1134 .
1014 1127 1021 1134 .
1058 1127 1065 1134 .
1098 1095 1143 1135 in
1183 1094 1336 1136 forma
1375 1096 1657 1147 auctentica,
1699 1128 1706 1136 .
1743 1128 1750 1136 .
1787 1129 1794 1136 .
1829 1097 1896 1137 ita

122 1164 321 1214 demum,
355 1163 478 1213 quod
512 1164 601 1204 alia
633 1165 879 1216 requisicio
915 1168 997 1206 aut
1032 1166 1322 1207 consultacio
1358 1167 1482 1207 circa
1515 1167 1675 1207 eadem
1701 1168 1896 1218 negocia

211 1267 218 1275 .
258 1247 350 1278 non
396 1237 550 1290 pariat
595 1238 884 1288 tarditatem,
934 1238 1151 1288 quoniam
1198 1237 1318 1278 idem
1363 1238 1403 1278 d.
1444 1249 1525 1278 rex
1568 1238 1728 1288 credit,
1775 1238 1897 1289 quod

122 1319 257 1359 reges
292 1308 507 1359 Castelle,
542 1309 750 1349 Navarre
784 1310 831 1348 et
866 1308 1026 1349 Scocie
1062 1309 1297 1359 ceterique
1331 1308 1503 1349 domini
1537 1308 1592 1348 de
1627 1308 1897 1349 obediencia

123 1379 345 1431 predicta,
384 1380 548 1431 quibus
582 1379 716 1420 iidem
754 1379 794 1419 d.
829 1391 950 1429 papa
984 1381 1031 1419 et
1064 1391 1144 1419 rex
1178 1379 1265 1420 hac
1300 1379 1355 1419 de
1390 1391 1533 1420 causa
1567 1391 1679 1420 suas
1712 1379 1896 1420 litteras

124 1450 405 1503 direxerunt,
440 1451 539 1501 pari
572 1450 710 1491 modo
744 1461 904 1491 eorum
940 1449 1289 1491 alnbaxiatores
1323 1450 1430 1490 inibi
1462 1449 1763 1490 destinabunt
1793 1462 1895 1491 culn

126 1521 332 1562 eiusdem
365 1521 648 1573 plenitudine
681 1517 996 1572 potestatis.¹)

126 1696 246 1751 (184)
273 1697 557 1739 Ins-truhtion
590 1697 837 1739 Benedc'kts
869 1697 1002 1738 XIII.
1044 1698 1128 1750 fiir
1168 1699 1327 1739 sellim
1367 1710 1423 1738 zu
1464 1698 1554 1738 (len
1597 1696 1775 1750 Grafeu
1815 1710 1902 1739 von

275 1768 546 1822 Armagfnac
577 1769 678 1810 unes]
710 1768 828 1809 Foe’oe
859 1768 1155 1821 abgyeleenden
1179 1768 1441 1810 Ges-amnon
1473 1767 1674 1809 Mlchael
1709 1767 1903 1810 Melsos:

277 1839 370 1882 Soll
426 1839 618 1880 Vc'nzenz
664 1838 831 1880 Ferrer
882 1852 963 1879 vm
1024 1839 1321 1892 Vei-natum&
1373 1839 1508 1880 buten
1551 1839 1652 1879 und
1699 1838 1767 1880 bel
1812 1839 1903 1880 den

278 1912 456 1965 Grafen
496 1910 628 1952 selbst
666 1911 750 1963 filet·
790 1909 1090 1963 Verso'lmwegs
1133 1911 1317 1951 narrem.
1381 1908 1517 1960 (1415
1548 1922 1629 1951 um
1660 1910 1780 1951 Jsemi
1810 1909 1902 1960 26.)

246 1993 354 2029 Rom,
386 1992 511 2025 Vavrihe.
540 1992 692 2032 Archiv,
720 1991 806 2034 Ray.
834 1992 926 2026 Bau,
954 1991 1063 2024 XIII.
1090 1992 1162 2024 332
1183 1992 1211 2034 f.
1239 1992 1333 2024 ὅου.

248 2066 585 2107 instructiones
619 2078 794 2117 eorum,
829 2077 915 2116 que
948 2065 1141 2106 Michael
1176 2065 1351 2106 Molsos
1386 2066 1579 2105 acturus
1615 2066 1690 2105 est
1732 2076 1814 2115 pro
1861 2064 1902 2105 d.

130 2150 172 2179 n.
206 2150 340 2189 papa.

250 2220 309 2261 Et
352 2220 500 2271 primo
546 2219 630 2260 ibit
676 2219 733 2260 ad
776 2219 1055 2269 magistrum
1100 2218 1398 2259 Vincencium
1443 2218 1667 2269 Ferrerey
1709 2220 1756 2258 et
1797 2219 1907 2269 post

134 2291 473 2333 salutacionem
507 2303 560 2332 ac
594 2291 941 2331 benedicionem
975 2290 1283 2340 apostolicam
1318 2291 1520 2339 exponet
1553 2289 1607 2340 ei,
1642 2289 1841 2339 qualiter
1864 2289 1904 2328 d.

133 2374 175 2402 n.
219 2374 340 2412 papa
383 2361 665 2402 informatus
711 2361 766 2401 de
811 2360 1182 2401 dissensionibus
1228 2362 1274 2400 et
1319 2360 1514 2410 guerris,
1561 2371 1647 2409 que
1696 2360 1817 2399 inter
1864 2359 1905 2400 d.

135 2433 332 2473 comites
367 2432 632 2473 Armaniaci
666 2434 713 2472 et
746 2432 860 2472 Fuxi
895 2433 1054 2471 satore
1089 2431 1262 2471 zizanie
1295 2431 1551 2481 instigante
1586 2430 1824 2481 incipiunt,
1861 2432 1907 2471 et

137 2503 453 2554 considerans,
487 2503 608 2553 quod
630 2502 763 2542 multi
787 2502 842 2542 de
875 2501 1087 2552 partibus
1111 2501 1200 2541 illis
1235 2502 1523 2551 presumunt,
1558 2501 1693 2551 quod,
1725 2500 1763 2541 si
1786 2500 1906 2540 idem

136 2573 364 2624 magister
395 2572 672 2613 Vincencius
708 2573 765 2613 ad
799 2574 958 2622 partes
993 2572 1094 2612 illas
1129 2572 1374 2612 accederet
1414 2573 1599 2612 attenta
1641 2571 1908 2622 devocione,

138 2655 276 2694 quani
296 2643 353 2684 ad
376 2655 479 2684 eum
499 2643 609 2684 dicti
634 2644 831 2685 comites
856 2645 1081 2683 eteorum
1105 2642 1360 2683 familiares
1383 2642 1570 2693 habent,
1594 2644 1757 2692 posset
1780 2642 1908 2692 ipsos

139 2727 242 2756 cum
275 2714 357 2755 Dei
392 2714 561 2755 auxilio
601 2714 655 2754 ad
691 2726 854 2765 pacem
887 2716 936 2754 et
969 2713 1263 2755 concordiam
1301 2713 1528 2754 adunare:
1572 2713 1744 2754 idcirco
1787 2713 1907 2753 iden]

258 2878 289 2907 a)
310 2876 383 2911 Rey.
406 2875 676 2910 congregacioni.
716 2875 747 2909 b)
772 2874 865 2909 Folgst
886 2877 928 2900 vt.

262 2939 286 2983 ¹)
314 2939 392 2972 Der
421 2938 613 2972 Gesandfe
647 2937 754 2971 sollte
790 2937 852 2970 die
885 2936 1035 2978 Grafen
1073 2946 1147 2969 oon
1172 2936 1273 2969 Foe'oe
1307 2936 1393 2969 med
1428 2935 1656 2978 Armagmac
1688 2935 1912 2969 versolmcn.

141 2997 558 3042 chlaubifflmflsbrv'ef
581 3007 633 3030 ((11
662 2997 737 3030 deu
758 2995 908 3038 Grafcw
938 3006 1010 3029 mm
1028 2995 1128 3028 Foe'oe
1153 3005 1229 3029 von
1247 2995 1339 3028 1415
1355 2995 1454 3028 ‚lum
1477 2996 1524 3027 26
1550 2995 1653 3036 (Ray.
1671 2994 1699 3035 f.
1717 2994 1764 3026 36
1775 3005 1783 3026 .·
1801 2992 1911 3034 Juli).

142 3057 265 3091 Danu
301 3056 398 3099 folyt
434 3058 516 3100 fast
552 3055 728 3090 wortlich
766 3054 929 3088 dei-selbo
967 3053 1140 3096 A'uftragy
1175 3064 1231 3087 (m
1267 3053 1341 3087 (len
1379 3053 1531 3095 Grafen
1565 3063 1641 3087 von
1676 3052 1911 3097 Armagmac.

144 3117 327 3153 Letztercs
354 3115 455 3149 auch
480 3115 568 3158 Regs.
593 3116 686 3148 2400
711 3114 738 3157 f.
767 3115 812 3147 19
837 3113 934 3147 ohne
959 3113 1118 3150 Datum.
