2178 3404
720 157 790 191 Die
817 157 979 191 cedula:
1008 158 1064 191 Ad
1093 157 1259 191 laudem.
1791 151 1874 192 69.ἓῖ

101 267 299 309 ecclesia
332 267 444 318 fieri,
479 271 553 308 set
593 270 783 318 propter
815 268 985 307 bonum
1030 267 1258 318 publicum
1306 269 1458 308 tocius
1500 268 1876 333 christianitatisq

101 340 207 391 quia
240 340 363 389 regis
398 339 597 379 interest
631 338 941 378 multitudinis
977 334 1181 390 [bonuml
1229 350 1433 388 querere.
1498 338 1646 380 Actus
1693 341 1872 391 quidem

99 411 420 461 incompetens
460 411 534 449 est
576 409 699 459 regis
734 408 886 448 officio
921 408 1122 449 humane
1159 409 1304 458 glorie
1352 410 1590 460 premium.
1657 410 1876 452 Similiter

100 483 176 522 est
210 480 493 521 multitudini
526 479 729 529 noxium,
765 479 801 518 si
837 479 930 519 tale
964 479 1187 529 premium
1225 481 1467 522 statuatur
1500 481 1785 532 principium.

219 563 259 603 4.
294 563 557 613 gloriam
606 563 1053 611 consequatur.
1131 559 1166 602 O
1217 562 1253 601 si
1301 563 1464 602 melius
1514 563 1632 604 hunc
1684 577 1873 614 passum

104 634 430 686 perpendisses
467 633 535 673 vel
572 632 738 672 saltem
767 632 808 671 in
845 631 957 672 libro
982 631 1104 672 beati
1130 632 1305 672 Thome
1330 633 1384 672 de
1420 632 1600 687 Aquino
1621 631 1650 685 ¹)
1674 636 1728 675 ‹le
1754 637 1875 686 regis

103 706 256 747 officio
289 708 337 745 et
369 704 497 754 regni
538 703 714 753 origine
748 703 790 742 in
826 704 1036 743 tractatu
1072 702 1156 743 sub
1192 703 1389 754 rubrica,
1426 716 1511 754 que
1545 705 1724 756 incipit:
1761 706 1876 755 Quia

102 777 226 826 regis
259 776 459 816 interest
491 774 661 814 bonum
696 774 1004 814 multitudinis
1030 785 1222 824 querere
1247 776 1334 814 etc.
1360 775 1638 823 stiuluisses,
1664 777 1728 817 ita
1758 778 1877 817 nude

103 848 216 888 talia
233 858 324 886 non
349 845 637 896 scripsisses,
657 845 761 895 quia
785 844 985 884 humane
1004 844 1147 893 glorie
1168 845 1331 895 cupido
1352 845 1488 885 animi
1510 848 1873 895 magnitudinem

104 917 290 959 auffert.
354 915 438 965 Qui
473 916 590 955 enim
628 915 835 955 savorem
884 915 1119 954 bominum
1155 916 1318 965 querit,
1365 928 1557 956 necesse
1601 920 1688 965 est,
1737 922 1787 958 ut
1834 920 1874 959 in

105 988 243 1039 omni,
276 987 397 1038 quod
431 986 542 1027 dicit
576 988 623 1026 et
657 985 784 1037 facit,
828 998 987 1026 eorum
1025 986 1254 1026 voluntati
1290 987 1520 1027 deserviat
1565 991 1611 1028 et
1645 989 1726 1029 sic.
1770 990 1875 1030 (lum

104 1059 287 1110 placere
321 1057 534 1098 omnibus
570 1057 744 1107 studet,
789 1057 851 1096 sit
897 1069 1063 1097 servus
1111 1057 1413 1108 singulorum,
1462 1059 1579 1098 unde
1614 1059 1787 1100 'l'ullius
1837 1063 1875 1101 in

105 1129 220 1169 libro
256 1129 269 1168 1
304 1128 358 1168 de
393 1124 620 1179 officiisss)
653 1128 924 1178 cavendam,
959 1127 1083 1178 dicit,
1117 1140 1223 1167 esse
1247 1128 1390 1177 glorie
1419 1130 1689 1179 cupidinem.
1738 1132 1875 1183 Eripit

106 1201 224 1241 enim
262 1199 401 1240 animi
437 1198 698 1239 libertatem
734 1201 781 1239 et
814 1199 1012 1238 virtuosi
1047 1210 1100 1238 ac
1136 1198 1272 1239 fortis
1309 1200 1446 1239 animi
1481 1203 1554 1241 est
1588 1214 1669 1252 pro
1695 1203 1879 1244 iusticia

107 1272 406 1312 contemnere
439 1270 648 1319 gloriam.
713 1269 864 1310 Tanto
899 1270 1048 1319 magis
1083 1270 1424 1320 assequebatur
1458 1271 1595 1312 illam.

225 1352 264 1394 5.
300 1353 530 1394 uniant.
596 1350 727 1401 Quod
761 1351 989 1392 debebant
1026 1353 1152 1403 prius
1188 1352 1357 1393 fecisse
1397 1365 1478 1394 seu
1520 1355 1667 1396 adhuc
1711 1356 1880 1407 facere,

109 1426 359 1475 antequam
394 1424 461 1463 eis
494 1423 706 1463 misteria
740 1425 787 1463 et
822 1425 1007 1464 secreta
1040 1426 1206 1463 nostra
1233 1424 1558 1474 panderentur.
1623 1426 1734 1476 Quis
1759 1428 1878 1468 enim

108 1496 315 1535 divinare
349 1496 431 1535 aut
466 1505 574 1533 vere
619 1494 772 1534 dicere
822 1496 992 1544 potest,
1042 1495 1079 1534 si
1129 1496 1177 1534 et
1226 1495 1410 1545 quando
1461 1508 1510 1534 se
1563 1497 1701 1536 velint
1748 1499 1880 1539 nobis

109 1566 252 1606 unire.
317 1565 375 1605 Et
408 1564 514 1616 quid
548 1565 603 1605 de
638 1565 724 1604 illis
759 1565 958 1615 paucis‘?
1022 1565 1149 1615 Esto,
1184 1566 1303 1615 quod
1339 1578 1389 1605 se
1413 1566 1545 1606 nobis
1570 1568 1767 1619 unirent,
1798 1582 1881 1610 nec

110 1636 257 1677 eciam
292 1647 453 1677 omnes
489 1635 753 1675 obediencie
788 1636 909 1675 Petri
946 1636 1000 1675 de
1036 1636 1159 1676 Luna
1195 1637 1370 1686 pariter
1402 1637 1536 1677 nobis
1578 1640 1686 1678 ante
1729 1641 1883 1681 omnia

111 1708 274 1747 essent
305 1707 434 1746 uniti.
498 1706 556 1746 Et
589 1706 696 1745 illud
730 1718 835 1746 esse
870 1709 1078 1746 vestrum
1115 1706 1345 1757 quoddam
1383 1707 1622 1748 ludibrium
1666 1712 1708 1749 et
1753 1711 1794 1750 in
1837 1724 1884 1751 re

111 1779 247 1817 tanta
281 1776 464 1816 dubium
502 1777 745 1827 insertum,
781 1777 925 1817 salvis
960 1789 1143 1828 semper
1178 1778 1445 1818 reverencia
1479 1781 1520 1818 et
1568 1779 1742 1820 bonore
1784 1783 1884 1821 tan-

109 1849 265 1888 torum
300 1848 661 1888 reverendorum
710 1850 912 1899 patrum,
960 1849 1034 1898 qui
1081 1848 1198 1888 hanc
1247 1849 1455 1889 cedulam
1504 1851 1792 1892 tradiderunt
1841 1853 1882 1892 in

110 1918 311 1958 medium
345 1919 417 1959 vel
451 1919 689 1959 dictarunt
723 1951 730 1958 .
767 1951 774 1958 .
811 1951 818 1958 .

228 2000 268 2041 6.
303 2001 488 2051 prius
554 2001 747 2042 includit
795 2004 968 2042 metum
1017 2014 1097 2041 seu
1147 2003 1378 2052 quandam
1427 2003 1798 2056 impressionem,
1846 2007 1883 2045 si

111 2071 227 2112 bene
261 2072 488 2113 videatur.

230 2154 268 2194 7.
303 2155 636 2195 electores,
692 2155 749 2195 Et
773 2155 876 2206 Quid
904 2155 960 2195 ad
986 2156 1113 2206 ipsos
1149 2155 1520 2197 ambassiatores
1545 2157 1643 2207 hec,
1678 2170 1765 2208 que
1800 2159 1884 2209 ipsi

110 2225 362 2276 pecierunt,
397 2237 499 2266 cum
534 2226 686 2266 nullus
720 2238 879 2266 eorum
916 2227 974 2266 sit
1012 2227 1259 2267 cardinalis
1294 2239 1376 2267 nec
1425 2228 1588 2278 aliquis
1636 2228 1885 2268 cardinalis

110 2296 256 2346 ipsius
293 2296 337 2335 P.
372 2297 427 2336 de
462 2296 587 2337 Luna
622 2310 672 2337 se
705 2298 839 2337 nobis
874 2298 1133 2338 adiunxerit
1171 2300 1214 2337 et
1259 2299 1366 2338 velit
1408 2310 1513 2338 esse
1556 2300 1599 2338 in
1643 2300 1885 2350 electione,

112 2365 167 2406 de
201 2377 290 2416 qua
323 2366 394 2407 hic
430 2370 638 2408 cavetur.
703 2368 757 2407 Et
794 2368 960 2408 nedum
999 2369 1087 2408 alia
1119 2369 1407 2419 quandoque,
1443 2372 1511 2408 set
1551 2370 1679 2419 plura
1720 2370 1762 2409 in
1797 2370 1884 2411 hoc

111 2448 256 2487 passu
303 2437 530 2477 altissime
573 2438 863 2488 preparanda
907 2441 951 2477 et
997 2439 1261 2488 peragenda
1308 2440 1554 2479 caritative
1599 2443 1645 2479 et
1691 2441 1884 2490 pruden-

112 2507 294 2547 tissime
336 2509 646 2559 requirantur,
690 2511 940 2559 antequam
984 2509 1149 2549 electio
1192 2509 1271 2549 fiat
1316 2512 1359 2549 et
1404 2510 1533 2550 facta
1575 2510 1772 2551 feliciter
1810 2512 1882 2550 diu

112 2579 396 2627 perseveret.

233 2646 272 2687 8.
307 2648 583 2690 excedat.
648 2649 831 2690 Habent
863 2662 974 2697 ergo
1009 2650 1182 2690 domini
1217 2651 1478 2691 cardinales
1524 2651 1750 2701 eligentes
1793 2652 1881 2692 iam

112 2718 413 2759 medietatem
450 2731 531 2770 pro
567 2732 617 2759 se
650 2722 697 2759 et
732 2720 851 2759 inter
885 2733 934 2759 se
968 2720 1102 2760 huius
1137 2721 1284 2761 totius
1318 2722 1510 2768 numeri.
1544 2734 1627 2762 nec
1661 2724 1735 2761 est
1771 2723 1886 2761 veri-

114 2789 276 2840 simile,
311 2789 430 2839 quod
467 2790 631 2840 aliquis
666 2802 824 2830 eorum
866 2790 1135 2831 flecteretur
1169 2804 1195 2831 a
1235 2804 1321 2831 sua
1361 2792 1619 2841 oppinione,
1660 2793 1725 2832 ita
1766 2793 1883 2843 quod

115 2858 371 2899 dimitteret
406 2872 517 2900 suas
552 2860 755 2910 collegas
790 2860 1049 2900 cardinales
1084 2861 1127 2900 in
1162 2861 1386 2901 electione
1410 2861 1559 2902 fienda
1584 2864 1630 2901 et
1653 2863 1754 2902 aliis
1779 2875 1885 2903 con-

237 2996 260 3037 ¹)
287 2997 422 3031 szst:
448 2997 503 3029 De
533 2998 720 3037 regimine
748 2998 977 3039 principum.
1030 2998 1122 3031 Dort
1147 2998 1242 3032 stpm
1269 2998 1382 3032 ‚stelle
1407 3000 1448 3031 iv
1479 2999 1538 3032 lib.
1574 3000 1592 3032 Ι
1616 3011 1643 3033 c.
1672 3002 1699 3032 7.

235 3055 262 3098 ’-’)
289 3055 345 3088 De
372 3055 511 3088 officiis
539 3057 597 3089 lib.
624 3057 647 3089 I
670 3068 695 3091 c.
723 3059 756 3089 δ’.
814 3057 1054 3100 L'uyefiihrer
1085 3058 1287 3091 ism-tima.
