2178 3404
261 171 348 214 564
621 181 681 213 ΙΙΙ.
710 179 928 213 Abschnitt.
980 178 1169 211 Benedikt
1200 176 1297 210 XIII.
1326 177 1404 210 und
1432 177 1501 210 das
1529 175 1678 210 Konzil.

263 290 467 342 percepti
502 289 691 330 honoris
726 288 876 328 hostis
911 298 1015 328 esse
1039 286 1304 327 nullatenus
1329 285 1584 327 dubitatur.
1639 286 1888 328 Peccatum
1912 287 2031 326 enim

261 361 546 412 paganitatis
570 359 765 400 incurrit
788 358 1010 409 quisquis,
1045 358 1151 398 dum
1181 358 1485 398 christianum
1521 369 1570 398 se
1594 369 1700 398 esse
1726 358 1911 408 asserit,
1937 358 2032 398 sedi

262 432 519 483 apostolice
566 430 751 471 obedire
798 430 1100 480 contempnit.
1165 429 1405 483 Quomodo
1451 428 1593 479 igitur
1638 428 1722 469 sub
1766 428 2034 469 obediencia

261 502 548 544 sanctissimi
583 501 623 541 d.
657 513 699 540 n.
736 512 852 551 pape
887 502 1231 550 permanentes,
1267 499 1304 539 si
1339 499 1460 549 quod
1494 499 1668 539 dictum
1713 501 1787 539 est
1832 499 2034 539 evittare

262 575 485 624 cupimus,
525 572 699 613 vestris
742 571 956 622 precibus
1000 571 1324 621 obtemperare
1365 570 1658 611 valebimus?
1723 569 2031 620 Quamobrem

261 645 435 685 vestris
469 642 871 684 reverendissimis
905 642 1270 693 paternitatibus
1305 653 1358 681 ac
1393 640 1736 681 venerabilibus
1772 640 2034 691 prudenciis

260 714 611 766 respondemus,
646 714 764 764 quod
803 714 859 754 ad
884 715 1092 754 vestram
1130 713 1545 763 congregacionem
1579 712 1644 752 ire
1668 724 1759 752 non
1783 723 2035 762 possumus

260 798 344 826 nec
379 785 615 835 debemus,
663 784 877 835 precipue
911 796 1022 825 vero
1058 784 1256 824 attentis
1290 783 1392 834 illis,
1440 783 1496 823 ad
1530 795 1616 833 que
1649 794 1887 833 vocamur,
1933 794 2035 833 pro-

262 856 474 897 babiliter
497 855 742 905 credimus,
771 855 891 906 quod
916 855 967 905 si,
992 854 1113 905 quod
1137 854 1274 904 absit,
1300 854 1472 893 vestris
1501 853 1886 903 requisicionibus
1910 853 2035 893 incli-

259 928 358 973 nati
383 927 440 968 ad
458 928 667 967 vestram
694 926 930 966 stantibus
955 925 1166 965 terminis
1187 924 1602 975 congregacionem
1628 924 1815 975 iremus,
1839 936 1930 964 non
1950 923 2035 964 hoc

260 1000 389 1038 esset
422 997 479 1037 ob
515 997 689 1037 scisma
733 996 986 1036 sedandum
1023 997 1071 1035 et
1104 995 1320 1035 unionem
1355 994 1550 1035 ecclesie
1584 994 1941 1045 procurandam,
1986 996 2034 1035 ut

265 1069 434 1109 vestris
459 1068 725 1109 continetur
748 1067 908 1117 literis,
935 1066 1016 1106 sed
1035 1066 1091 1106 ob
1117 1065 1468 1115 multiplicanda
1492 1064 1811 1106 subscismata
1830 1067 1877 1105 et
1902 1076 2036 1105 sanc-

260 1143 357 1180 tam
377 1142 576 1180 matrem
596 1140 807 1179 nostram
829 1136 1075 1178 ecclesiam
1095 1135 1407 1176 lacerandam.
1439 1135 1677 1176 Vocamur
1695 1135 1841 1176 eciam
1864 1148 1889 1176 a
1908 1147 2037 1175 reve-

261 1210 550 1251 rendissimis
592 1208 956 1259 paternitatibus
991 1207 1164 1247 vestris
1200 1207 1253 1247 ad
1297 1206 1504 1246 eiusdem
1539 1206 1734 1247 ecclesie
1768 1205 2037 1246 reformaci-

261 1293 393 1322 onem
431 1280 751 1330 complendam
786 1282 883 1318 tam
918 1279 963 1317 in
999 1278 1151 1327 capite
1186 1289 1323 1328 quam
1348 1277 1392 1316 in
1427 1276 1663 1327 membris,
1699 1277 2035 1327 complendam,

260 1353 461 1403 inquam,
496 1363 550 1391 ex
585 1362 673 1400 quo
708 1352 754 1390 et
789 1349 890 1389 aliis
924 1348 1012 1389 fide
1055 1348 1297 1399 dignorum
1342 1347 1568 1388 relatibus
1610 1347 1767 1398 liquet,
1814 1358 1900 1388 vos
1944 1347 2036 1388 iam

260 1422 518 1463 reformare
552 1421 744 1471 cepisse,
779 1422 826 1460 et
861 1431 949 1470 quo
983 1419 1081 1459 iure
1116 1419 1348 1469 ceperitis,
1383 1419 1566 1469 penitus
1600 1419 1884 1468 ignoramus.
1919 1418 2036 1458 Nam

260 1493 381 1544 quod
420 1504 511 1533 non
558 1492 708 1533 solum
755 1493 919 1531 vestra
969 1490 1291 1541 congregacio,
1339 1490 1421 1530 sed
1469 1490 1616 1530 eciam
1660 1500 1798 1530 sacra
1843 1489 2037 1530 concilia

259 1563 468 1604 Romane
507 1562 703 1603 ecclesie
742 1562 882 1602 matri
929 1561 1233 1602 ecclesiarum
1274 1561 1478 1601 omnium
1512 1562 1560 1600 et
1593 1560 1832 1611 magistre,
1876 1559 2048 1611 capiti--

260 1647 346 1686 que
380 1636 427 1674 et
461 1634 635 1675 cardini
671 1633 855 1683 possint
887 1633 1123 1683 imponere
1162 1632 1302 1672 ullam
1348 1632 1496 1682 legem
1542 1631 1698 1671 divina
1742 1632 1790 1671 et
1834 1630 2037 1671 humana

260 1706 360 1756 lege
389 1707 610 1755 negatum
636 1716 741 1744 esse
765 1703 1013 1744 manifeste
1033 1703 1354 1753 cognovimus,
1377 1714 1485 1754 ymo
1509 1702 1657 1742 eciam
1682 1713 1819 1742 sacra
1843 1701 2037 1742 concilia

261 1788 341 1827 per
374 1775 583 1816 Romane
616 1775 810 1815 ecclesie
845 1774 1178 1815 auctoritatem
1213 1775 1259 1814 et
1282 1772 1410 1813 facta
1434 1784 1539 1813 esse
1564 1775 1611 1813 et
1633 1773 1775 1813 robur
1799 1772 2037 1822 accepisse

262 1847 530 1887 didiscimus
565 1848 612 1886 et
646 1846 765 1896 quod
798 1846 901 1896 ipsa
936 1845 1149 1885 Romana
1182 1844 1393 1893 ecclesia,
1428 1856 1514 1894 que
1547 1844 1696 1894 prima
1729 1845 1816 1894 est,
1859 1844 1924 1884 ita
1966 1854 2035 1883 re-

260 1918 395 1968 liquis
429 1917 637 1957 ecclesiis
672 1917 799 1957 vices
834 1928 945 1956 suas
981 1915 1174 1956 credidit
1207 1915 1487 1966 largiendas,
1533 1917 1584 1955 ut
1628 1915 1673 1954 in
1712 1916 1893 1965 partem
1942 1914 2037 1954 sint

260 1990 429 2028 vocate
464 1987 801 2037 sollicitudinis,
835 1998 926 2027 non
954 1987 998 2025 in
1023 1986 1353 2036 plenitudinem
1378 1985 1649 2035 potestatis,
1683 1987 1731 2025 et
1755 1985 1876 2035 quod
1900 1985 2036 2025 sedes

259 2058 449 2098 inferior
496 2058 730 2108 pociorem
782 2057 964 2097 solvere
1014 2057 1085 2097 vel
1134 2057 1278 2107 ligare
1326 2068 1417 2097 non
1466 2058 1622 2106 potest
1674 2067 1809 2096 sacro
1859 2067 2036 2096 canone

260 2131 524 2169 attestante
558 2128 850 2168 credidimus.
915 2127 1143 2178 Numquid
1177 2139 1288 2177 ergo
1330 2119 1606 2177 gloriabitur
1649 2127 1827 2166 securis
1871 2128 2037 2167 contra

259 2211 378 2250 eum,
413 2199 487 2250 qui
522 2201 655 2239 secat
688 2200 731 2238 in
767 2210 835 2247 ea,
871 2200 952 2239 aut
985 2198 1271 2238 exaltabitur
1295 2209 1426 2237 serra
1451 2199 1615 2238 contra
1640 2209 1758 2247 eum,
1793 2198 1868 2248 qui
1891 2197 2037 2238 trahit

259 2267 415 2322 ea111,¹)
448 2272 494 2310 et
535 2270 573 2310 si
616 2270 803 2320 gloriari
846 2269 957 2310 libet
989 2271 1148 2309 vestre
1190 2268 1580 2308 reverendissime
1614 2268 1902 2319 paternitati,
1950 2279 2036 2318 que

260 2341 418 2382 dicunt
472 2340 627 2381 sedem
685 2352 870 2391 vacare,
925 2340 1034 2380 sede
1083 2340 1284 2379 vacante
1337 2339 1381 2378 in
1430 2338 1601 2378 talibus
1650 2337 2035 2378 innovacionibus

258 2412 549 2462 glorientur?
611 2411 754 2451 Nobis
789 2422 899 2451 vero
936 2410 1060 2451 absit
1093 2405 1323 2460 gloriari'2)
1356 2410 1400 2449 in
1434 2409 1620 2460 talibus,
1654 2420 1710 2449 ne
1745 2408 2035 2448 ambulemus

260 2483 302 2522 in
334 2482 516 2533 magnis
547 2494 630 2523 nec
655 2482 698 2521 in
723 2481 1010 2522 mirabilibus
1039 2492 1180 2531 super
1213 2492 1298 2521 nos
1313 2477 1344 2527 3)
1368 2482 1414 2520 et
1437 2480 1695 2520 iustissime
1729 2479 2035 2529 reprehenda-

260 2565 362 2592 mur
396 2555 617 2602 tanquam
653 2552 786 2593 nobis
813 2552 986 2592 alciora
1014 2553 1277 2602 querentes,
1311 2550 1536 2601 nobisque
1564 2550 1766 2591 forciora
1789 2549 2035 2590 temerarie

260 2625 545 2673 scrutantes,
590 2623 739 2673 nobis,
785 2623 986 2673 inquam,
1033 2624 1197 2663 sancte
1232 2621 1439 2662 Romane
1485 2620 1678 2661 ecclesie
1725 2619 2034 2661 cardinalibus

261 2693 345 2733 sub
381 2693 649 2734 obediencia
683 2693 970 2733 sanctissimi
1005 2693 1045 2732 d.
1080 2705 1121 2732 n.
1157 2701 1273 2743 pape
1308 2691 1702 2742 permanentibUS,
1737 2690 1900 2741 quibus
1934 2690 2035 2730 luce

261 2765 431 2805 clarius
467 2766 657 2805 constat
689 2775 780 2803 non
814 2775 954 2814 posse
988 2775 1263 2813 quenquam,
1297 2763 1371 2813 qui
1406 2763 1598 2802 minoris
1623 2761 1923 2802 auctoritatis
1947 2763 2033 2811 est,

260 2847 379 2887 eum,
413 2835 486 2885 qui
522 2834 712 2875 maioris
746 2834 999 2884 potestatis
1034 2836 1121 2883 est,
1153 2833 1332 2874 iudiciis
1367 2833 1464 2874 suis
1499 2833 1725 2884 addicere,
1751 2832 1874 2873 absit
1896 2832 2033 2882 glori-

260 2906 326 2946 ari
360 2905 405 2945 in
439 2904 792 2955 reformacione,
832 2916 969 2955 quam
1005 2904 1172 2945 dicitis.
1238 2904 1419 2944 Scimus
1462 2903 1688 2954 equidem,
1732 2903 1867 2954 quod,
1911 2902 2032 2953 quis-

382 3067 406 3109 ¹)
433 3068 531 3101 Jsm‘.
559 3068 613 3108 10,
643 3067 698 3100 15.
726 3085 767 3087 —
795 3065 821 3108 2)
850 3066 955 3100 Nach
986 3065 1070 3099 (lul.
1099 3068 1130 3105 θ’,
1158 3066 1210 3098 14.
1241 3083 1284 3088 —-
1311 3063 1338 3107 3)
1366 3064 1472 3098 Nneh
1501 3065 1563 3098 Ps.
1591 3065 1668 3106 130,
1695 3066 1725 3097 1.
