2178 3404
66 181 108 216 Ῑ).
161 182 230 216 Dio
259 181 562 215 Gesansltschal't
593 182 635 214 K.
667 180 905 214 Fen-dinami>-
935 192 981 213 an
1015 181 1053 213 K.
1084 180 1303 221 Sigismund
1339 182 1413 214 und
1447 182 1695 215 Frankreieh.
1753 174 1837 214 5⁸27

66 294 118 333 ut
148 292 225 333 illa
258 292 454 332 velimus
488 291 658 331 habere
692 293 739 331 et
772 290 826 330 de
860 290 946 329 illis
980 290 1220 331 vobiscum
1258 290 1468 331 conferre
1494 291 1551 331 ad
1584 292 1684 342 hoc,
1719 293 1837 342 quod

67 363 498 413 quomodocumque
524 364 805 403 revocentur
827 363 871 402 in
896 361 1096 412 dubium,
1132 364 1205 402 set
1240 362 1297 402 ad
1330 362 1432 413 hoc,
1467 362 1587 412 quod
1618 363 1693 403 illa
1719 363 1840 403 vide-

68 445 201 474 amus
235 435 282 473 et
315 444 396 483 per
429 433 797 473 declaracionem
833 435 1042 473 vestram
1068 433 1396 483 intelligamus,
1423 434 1460 473 si
1486 434 1655 484 aliquid
1679 435 1723 474 in
1753 435 1841 474 illis

67 506 197 544 esset
231 503 494 554 ambiguum
534 504 600 543 vel
637 504 901 545 obscurum.
968 504 1021 543 Et
1058 515 1149 544 non
1174 504 1397 545 dubitetis
1422 505 1476 545 de
1501 504 1621 545 bona
1651 517 1841 556 respon-

68 575 210 615 cione.
245 574 383 614 Absit
402 574 536 625 enim,
557 575 674 625 quod
697 587 796 626 nos,
813 575 888 625 qui
906 586 1090 625 semper
1108 576 1150 614 in
1170 576 1262 615 isto
1281 578 1446 616 sancto
1466 577 1658 626 negocio
1679 589 1840 627 pacem

68 645 368 695 quesivimus,
401 655 535 695 nunc,
571 645 671 685 visa
718 648 812 685 tam
861 645 979 685 mira
1025 645 1349 697 disposicione,
1385 647 1606 687 vellemus
1654 648 1843 687 tendere

33 731 38 737 ’
68 715 126 756 ad
158 716 414 765 rupturam.
475 715 588 755 Post
611 716 693 755 liec
718 716 874 767 itaque
900 715 1177 756 tradidimus
1202 716 1286 756 sibi
1312 717 1492 767 copiam
1520 718 1843 768 capitulorum,

69 787 206 836 prout
248 785 382 825 nobis
427 786 602 826 tradita
641 785 840 827 fuerant.
907 786 963 826 Et
997 787 1063 827 sic
1097 798 1179 836 pro
1213 787 1289 827 illa
1332 788 1429 827 vice
1470 789 1752 830 recessimus
1788 789 1843 829 ab

68 857 244 898 eodem.

187 928 298 968 Item
345 927 418 968 alii
463 928 649 978 domini,
686 940 788 968 cum
825 928 989 979 quibus
1034 929 1155 979 loqui
1199 928 1486 970 habebamus
1533 931 1588 970 de
1634 932 1844 982 materia,

69 1010 160 1039 non
195 1000 305 1038 sunt
338 997 558 1039 Parisius.
623 999 848 1040 Dominus
883 1000 1003 1039 enim
1040 1000 1430 1049 constabularius,
1475 1001 1654 1042 scilicet
1689 1015 1845 1043 comes

71 1068 353 1120 Armaniaci,
388 1071 463 1109 est
496 1069 746 1120 Rotomagi
780 1070 851 1110 vel
888 1071 1024 1111 circa.
1090 1071 1424 1121 Proposuimus
1459 1075 1630 1119 111116111,
1673 1074 1759 1113 11181
1803 1074 1847 1113 111

70 1139 197 1180 brevi
231 1140 457 1191 reveniat,
491 1140 556 1181 ire
591 1141 647 1181 ad
682 1141 831 1191 ipsum
857 1144 938 1182 aut
963 1142 1128 1182 saltem
1156 1141 1241 1182 sibi
1272 1142 1489 1194 scribere,
1524 1155 1610 1194 que
1634 1156 1689 1184 ex
1714 1147 1847 1195 parte

72 1210 112 1250 d.
146 1211 270 1261 regis
305 1211 589 1251 verbotenus
615 1211 900 1252 habebamus
926 1212 1112 1253 referre.
1167 1214 1413 1254 Dominum
1439 1226 1618 1265 quoque
1651 1216 1846 1266 impera-

73 1283 223 1322 torem
259 1282 569 1333 visitavimus,
616 1283 763 1323 eidem
806 1283 960 1333 regias
1005 1283 1242 1325 offerendo
1289 1285 1467 1325 salutes
1510 1298 1563 1326 ac
1610 1298 1847 1327 recomen-

73 1352 292 1393 daciones
328 1365 559 1404 congruas
595 1354 740 1395 vestri
774 1356 921 1404 parte.
988 1355 1383 1406 interrogavimus
1423 1368 1527 1396 611111
1562 1357 1617 1397 (16
1658 1369 1848 1408 congre-

73 1425 266 1474 gacione
300 1424 580 1465 Constancie
613 1427 661 1465 et
694 1426 949 1475 signanter,
985 1426 1022 1466 si
1063 1428 1166 1467 erat
1205 1426 1262 1466 ibi
1301 1427 1419 1467 bona
1464 1428 1725 1469 concordia.
1792 1428 1849 1469 Et

76 1495 238 1536 statim
269 1494 381 1535 fecit
404 1496 561 1536 venire
585 1508 740 1547 unum,
765 1497 840 1547 qui
863 1497 1048 1537 noviter
1071 1500 1266 1538 venerat
1289 1498 1342 1537 (16
1368 1498 1651 1540 constancia
1674 1500 1847 1540 missus

75 1566 180 1607 illuc
214 1578 294 1617 per
328 1566 657 1617 imperatorem
693 1567 750 1607 ad
786 1568 1021 1608 sciendum
1057 1568 1143 1609 hoc
1169 1569 1334 1619 ipsum.
1400 1570 1482 1619 Qui
1508 1570 1668 1610 16111111
1700 1573 1847 1611 10111111

76 1637 200 1677 illam
236 1637 649 1687 congregacionem
693 1649 798 1678 esse
844 1639 887 1677 in
934 1651 1102 1689 magna
1154 1651 1266 1689 pace
1316 1642 1360 1679 61
1413 1641 1660 1681 concordia
1710 1643 1756 1681 et
1809 1642 1851 1681 in

78 1719 248 1758 magna
283 1707 438 1748 leticia
472 1708 526 1748 de
560 1708 661 1757 hiis,
709 1720 794 1759 que
829 1721 908 1759 per
942 1709 981 1748 d.
1016 1721 1170 1760 regem
1208 1710 1441 1760 Aragonie
1486 1713 1623 1760 gesta
1668 1711 1854 1752 fuerant

79 1780 127 1819 et
160 1778 215 1818 de
247 1778 349 1829 hiis,
385 1790 471 1829 que
506 1779 563 1819 ad
598 1791 759 1829 pacem
795 1780 989 1820 ecclesie
1023 1781 1282 1821 extiterant
1316 1782 1602 1822 concordata
1626 1782 1854 1822 suturam-

79 1861 165 1900 que
198 1860 359 1900 pacem
408 1861 508 1890 cum
560 1849 693 1890 firma
739 1862 820 1901 spe
865 1852 913 1891 et
960 1851 1133 1902 ingenti
1183 1852 1351 1901 gaudio
1399 1852 1660 1902 prestolari.
1726 1852 1855 1893 Alios

78 1920 266 1970 insuper
299 1920 354 1960 de
387 1920 474 1960 hac
508 1920 707 1961 materia
740 1921 1135 1972 interrogavimus
1169 1925 1213 1963 et
1247 1934 1337 1963 non
1375 1923 1637 1964 audivimus
1672 1936 1752 1974 per
1775 1924 1855 1964 Dei

78 1992 284 2042 graciam
318 1991 405 2031 nisi
441 1991 624 2032 bonum.

198 2061 376 2113 Anglici
410 2062 464 2102 de
489 2062 659 2103 Arissor
682 2064 826 2114 pridie
849 2065 1034 2105 iverant
1058 2067 1192 2105 extra
1216 2065 1274 2105 ad
1299 2066 1500 2115 patriam
1525 2066 1855 2116 dampnifican-

81 2133 202 2173 (111111.
267 2133 412 2174 Erant
445 2134 567 2174 ultra
613 2147 749 2185 quam
795 2135 884 2176 duo
925 2135 1050 2176 milia
1085 2135 1422 2186 quadringenti.
1488 2138 1586 2186 Quo
1621 2137 1780 2176 audito
1815 2137 1855 2177 d.

82 2203 500 2256 conestabularius,
535 2205 714 2246 scilicet
748 2218 905 2246 comes
942 2206 1223 2259 Armaniaci,
1270 2208 1355 2248 ivit
1389 2210 1554 2248 contra
1595 2220 1677 2247 eos
1721 2210 1768 2248 et
1814 2209 1855 2248 in

82 2274 229 2325 primo
264 2286 461 2325 agressu
493 2275 729 2316 interfecit
763 2289 818 2317 ex
853 2278 918 2317 eis
955 2280 1207 2319 sexcentos
1242 2280 1291 2319 et
1324 2279 1459 2319 ultra.
1524 2279 1611 2318 Alii
1647 2291 1757 2319 vero
1792 2279 1857 2319 in-

82 2347 329 2386 traverunt
362 2346 591 2396 quoddam
627 2359 805 2398 nemus,
847 2359 911 2398 se,
959 2351 1097 2398 prout
1130 2348 1400 2399 poterant,²¹)
1433 2348 1743 2389 fortificantes
1778 2349 1858 2389 ibi-

84 2416 184 2456 dem
207 2418 254 2456 et
277 2416 332 2456 de
355 2418 491 2457 nocte
511 2417 724 2458 exierunt
745 2430 909 2458 versus
930 2418 1098 2458 Arillor
1121 2418 1305 2459 festinis
1329 2419 1584 2470 gressibus,
1611 2422 1858 2470 sperantes

85 2487 139 2526 de
173 2498 322 2527 mane.
388 2488 633 2538 lnsequtus
667 2491 741 2528 est
764 2500 844 2528 eos
870 2501 1028 2529 comes
1052 2489 1264 2539 prefatus
1289 2492 1334 2530 et
1358 2490 1525 2530 iterum
1552 2490 1859 2531 conflixerunt

85 2559 134 2596 et
166 2556 398 2598 interfecti
433 2560 543 2598 sunt
577 2559 631 2598 de
661 2559 862 2609 Gallicis,
898 2560 970 2610 (1111
1006 2560 1331 2609 precedebant,
1367 2561 1491 2601 circa
1525 2555 1637 2612 (¹0¹³,
1673 2561 1745 2612 (1111
1776 2574 1857 2612 pro

85 2638 256 2677 magna
290 2630 421 2677 parte
455 2631 590 2669 erant
622 2629 833 2670 homines
857 2630 1005 2670 electi.
1070 2631 1301 2671 Prostrati
1332 2632 1442 2671 sunt
1465 2634 1621 2672 autem
1647 2644 1703 2671 ex
1727 2632 1858 2672 fatua

87 2698 281 2738 audacia
315 2710 400 2739 sua
424 2701 471 2739 et
494 2700 600 2750 quia
624 2701 909 2750 transgressi
935 2702 1045 2741 sunt
1068 2701 1412 2742 ordinacionem
1445 2702 1642 2743 bellandi
1673 2703 1858 2743 comitis

88 2768 323 2809 antedicti.
388 2769 753 2820 verumptamen
787 2772 1120 2821 superveniens
1154 2773 1251 2823 ipse
1277 2785 1434 2813 comes
1460 2785 1562 2813 cum
1589 2774 1685 2813 suis
1719 2774 1859 2813 inter-

86 2838 198 2879 fecit
221 2839 276 2879 de
300 2839 505 2889 Anglicis
527 2841 629 2891 plus
653 2854 790 2892 quam
815 2842 936 2882 mille
961 2842 1342 2894 quadringentos,
1368 2843 1455 2894 alii,
1480 2844 1602 2884 sicut
1626 2846 1859 2895 poterant,

87 2908 308 2960 fugerunt
348 2912 396 2951 et
428 2912 724 2953 intraverunt
769 2913 920 2953 locum
968 2913 1022 2952 de
1069 2912 1250 2953 Ariflor.
1315 2913 1373 2953 Et
1414 2914 1535 2954 inter
1578 2914 1681 2954 illos
1727 2915 1858 2954 multi

89 2982 200 3020 sunt
231 2981 436 3022 letaliter
459 2982 703 3033 vulnerati,
737 2983 859 3023 inter
892 2995 1008 3034 quos
1043 2995 1200 3024 comes
1224 2983 1427 3034 Dorceti,
1462 2979 1774 3036 avunculusb),
1809 2987 1861 3025 ut

207 3097 237 3123 ἂι)
259 3094 340 3121 Hier
361 3095 428 3122 wid
450 3096 555 3122 oreilm-
574 3097 670 3122 mntem
694 3096 870 3123 Fului-emi.
913 3096 942 3122 l»
969 3099 1018 3124 ων,
1040 3097 1215 3122 avunculo.
