2178 3404
271 120 354 159 218
651 129 673 161 l.
705 129 921 161 Absclmitt.
972 128 1127 161 Joliann
1156 129 1290 162 XXIII.
1318 130 1396 163 und
1425 131 1494 164 das
1523 131 1672 165 Konzil.

390 237 432 285 a)
467 238 775 278 serenissimo
800 237 991 287 principi
1016 238 1306 279 Ferdinando
1332 242 1419 280 etc.
1462 240 1786 291 Sigismundus
1810 246 1897 283 etc.
1926 275 1933 283 .
1961 275 1967 283 .
1995 240 2047 294 .¹)

270 309 335 348 De
370 308 502 349 nobis
528 320 638 348 vero
674 308 792 348 scire
829 309 1025 358 placeat.
1061 309 1182 359 quod
1217 310 1469 351 clemencia
1502 311 1621 352 illius
1650 311 1853 363 favente
1887 313 2045 364 inquo

270 380 484 420 vivimus.
524 390 781 422 movemur.
823 390 1074 429 regnamus
1108 382 1155 419 et
1189 392 1364 422 sumus.
1400 381 1605 431 perfecte
1640 383 1887 433 sospitatis
1926 384 2046 425 dono

268 450 574 501 gratulmnur,
624 452 667 489 et
719 450 942 490 suavibus
994 451 1246 501 principum
1294 454 1563 493 nostrorum
1611 456 1657 493 et
1703 455 1824 494 sacri
1870 455 2047 505 imperii

268 521 468 561 fidelium
504 520 932 562 ecclesiasticorum
957 524 1001 562 et
1029 522 1307 563 secularium
1343 523 1631 564 delectamur
1666 524 1901 565 cotidiana
1935 525 2046 567 allo-

270 592 481 642 quiorum
499 592 752 644 suavitate,
778 593 1022 642 presertim
1046 594 1089 632 in
1108 594 1315 644 negociis
1336 597 1641 635 sacrosancte
1660 595 1827 636 matris
1851 596 2046 637 ecclesie

270 664 316 702 et
350 662 503 703 tocius
540 662 900 704 christianitatis
936 664 1180 704 salutifera
1206 665 1510 715 tangentibus
1544 666 1845 707 incrementa.
1900 666 2046 708 Vene-

267 733 437 774 rabiles
472 730 711 785 siquidem7
745 735 922 775 nobiles
957 738 1000 775 et
1038 736 1302 785 solempnes
1335 736 1707 777 ambassiatores
1732 737 1879 777 vestri
1902 749 2048 788 nuper

268 805 325 845 ad
373 807 587 845 nostram
638 807 927 856 presenciam
985 807 1309 852 accedentesal
1363 808 1766 857 contemplacione
1813 809 2047 849 mittentis

268 888 551 927 suarumque
576 876 861 927 probitatum
899 877 1092 918 obtentu
1127 880 1373 925 gratanter
1398 878 1597 918 vidimus
1622 881 1669 919 et
1692 878 1916 920 benevole
1944 891 2046 920 sus-

268 947 488 998 cepimus,
534 947 833 998 ipsorumque
881 949 1029 988 relata
1076 950 1119 988 et
1166 949 1270 988 vive
1317 949 1446 989 vocis
1491 950 1680 990 oraculo
1724 951 1871 990 vestri
1914 952 2047 1001 parte

266 1018 399 1059 nobis
433 1018 649 1069 exposita
688 1019 1001 1059 intelleximus
1046 1019 1314 1060 luculenter.
1381 1020 1589 1070 lpsorum
1626 1021 1797 1061 etenim
1831 1022 2047 1062 meritam

266 1089 512 1130 laudamus
558 1089 835 1130 industriam
881 1092 925 1130 et
970 1090 1149 1130 fidelem
1196 1102 1334 1140 super
1378 1091 1629 1141 legacionis
1670 1092 1755 1131 sibi
1797 1093 2047 1133 commisse

268 1161 602 1211 prosecucione
627 1160 918 1211 diligenciam
955 1162 1352 1206 commendamus.
1389 1163 1495 1213 (omia
1530 1163 1654 1203 circa
1688 1163 1933 1204 materiam
1970 1196 1977 1204 .
2005 1196 2011 1204 .
2039 1196 2046 1203 .

269 1232 502 1272 attencius
552 1236 844 1281 perorarunt.
910 1232 1036 1272 Unde
1080 1244 1165 1272 nos
1214 1234 1458 1283 proposita
1506 1246 1663 1275 coram
1711 1235 1845 1275 nobis
1891 1235 2047 1276 debita

267 1302 605 1343 deliberacione
649 1303 957 1343 discussimus
1001 1306 1043 1344 et
1091 1306 1187 1344 tam
1236 1316 1375 1355 super
1422 1305 1675 1355 propositis
1723 1318 1860 1356 quam
1910 1318 2048 1357 super

268 1374 368 1414 aeliis
404 1374 461 1414 ad
496 1374 677 1414 laudem
713 1374 851 1414 (livini
886 1375 1087 1415 nominis
1122 1376 1460 1427 militantisque
1494 1377 1689 1417 ecclesie
1720 1379 1900 1417 statum
1925 1377 2047 1428 paci-

266 1444 401 1486 ficum
438 1448 744 1496 nostrumque
778 1448 822 1485 et
859 1449 1069 1487 vestrum
1101 1447 1338 1491 lionoreim
1374 1459 1459 1497 que
1485 1447 1764 1489 videbantur
1787 1448 2047 1500 fructuosa,

267 1516 445 1556 diucius
480 1517 755 1558 deduximus
797 1530 900 1558 cum
934 1518 1107 1558 eisdem
1150 1519 1322 1559 vestris
1359 1519 1794 1560 ambassiatoribus.
1849 1520 1908 1561 Et
1941 1520 2047 1571 quid

265 1590 429 1628 nostra
454 1588 731 1630 deliberacio
767 1590 889 1629 circa
924 1589 1168 1639 negocium
1192 1589 1455 1630 huiusmodi
1483 1591 1629 1641 ipsius
1659 1591 2047 1643 circumstanciis,

266 1670 356 1708 qua
391 1658 537 1707 decen
572 1661 881 1702 meditacione
911 1662 1121 1711 pensatis
1156 1661 1417 1702 faciendum
1454 1662 1724 1713 providerit,
1758 1674 1840 1713 per
1863 1662 2046 1704 ambas-

266 1731 468 1770 siatores
518 1731 646 1781 ipsos
697 1733 956 1773 celsitudini
1008 1735 1167 1773 vestre
1217 1733 1395 1783 plenius
1444 1734 1723 1774 innotescet.
1799 1734 1865 1774 De
1914 1746 2047 1775 mora

267 1803 437 1846 autem„
485 1803 555 1842 cui
600 1816 789 1844 causam
828 1805 947 1844 tanti
987 1804 1165 1855 negocii
1202 1805 1404 1855 qualitas
1439 1807 1486 1845 et
1523 1806 1850 1856 occupacionis
1884 1807 2046 1847 nostre

264 1873 528 1913 necessitas
563 1875 885 1924 prestiterunh
920 1875 1091 1916 habere
1128 1876 1236 1916 velit
1270 1877 1441 1926 regalis
1476 1876 1827 1927 magnificencia
1862 1876 2047 1918 ambas-

267 1943 470 1984 siatores
506 1945 633 1994 ipsos
669 1958 750 1995 per
783 1958 867 1986 nos
903 1949 1171 1987 excusatos.

384 2015 428 2059 b)
467 2015 662 2056 illustris
699 2017 927 2067 princeps
962 2019 1308 2068 consanguinee
1342 2021 1505 2059 noster
1540 2019 1795 2059 carissime.
1847 2018 2048 2060 Constat

266 2089 344 2126 tue.
388 2086 648 2127 sinceritati
693 2090 790 2127 tam
836 2088 1068 2128 relacione
1111 2090 1297 2129 tuorum
1340 2090 1596 2139 oratorum„
1641 2090 1716 2140 qui
1750 2090 1967 2131 viderunt
2000 2092 2048 2131 et

266 2157 545 2197 audiverunt
578 2158 767 2208 palpata
802 2158 1054 2205 evidencia,
1089 2161 1133 2199 et
1170 2159 1317 2200 eciam
1353 2160 1593 2201 literarum
1627 2163 1898 2202 nostrarum
1938 2161 2046 2202 insi-

263 2228 504 2276 nuacioneq
541 2229 739 2279 qualiter
772 2241 857 2270 nos
892 2241 974 2280 pro
1010 2231 1216 2280 generali
1250 2231 1370 2271 bono
1407 2231 1589 2272 unionis
1624 2232 1666 2271 in
1692 2234 1860 2273 sancta
1894 2234 2046 2273 matre

264 2299 463 2339 ecclesia
517 2301 842 2350 consequende
896 2301 1192 2342 iureiurando
1247 2303 1547 2352 promisimus
1602 2304 1649 2343 et
1696 2303 1912 2344 vovimus
1965 2315 2047 2354 per

265 2372 417 2410 totum
462 2382 669 2411 mensem
711 2371 831 2412 Junii
872 2373 1083 2423 proxime
1123 2372 1331 2414 futurum
1367 2386 1470 2414 cum
1507 2374 1808 2415 serenissimo
1841 2375 2045 2426 principe

264 2441 554 2483 Ferdinando
595 2454 704 2494 rege
740 2443 1009 2494 Aragonum
1050 2444 1197 2485 fratre
1231 2447 1279 2485 et
1312 2445 1704 2486 reverendissimo
1740 2446 1779 2485 d.
1816 2446 1955 2486 Petro
1990 2446 2045 2487 de

266 2512 390 2553 Luna
435 2546 439 2550 .
479 2545 483 2551 .
523 2546 529 2553 .
575 2515 736 2555 amicis
785 2516 962 2556 nostris
1013 2516 1271 2556 carissimis
1322 2517 1365 2556 in
1415 2517 1554 2557 terris
1600 2517 1741 2569 Nycie
1789 2519 1877 2558 etc.
1927 2517 2044 2557 velle

263 2582 418 2624 facere
465 2585 759 2634 personalem
807 2587 1184 2628 convencionem.
1262 2588 1522 2638 Eapropter
1566 2587 1744 2628 nobiles
1794 2588 1843 2628 N.
1888 2590 1937 2628 et
1976 2588 2042 2638 N„

264 2666 447 2695 camere
481 2658 643 2695 nostre
678 2657 849 2697 milites
885 2657 942 2697 ad
977 2658 1258 2708 captandum
1296 2670 1378 2709 pro
1402 2658 1536 2699 nobis
1561 2661 1608 2699 et
1631 2661 1795 2700 nostra
1820 2659 2043 2700 comitiva

263 2724 430 2765 ibidem
455 2726 666 2777 hospicia
690 2739 771 2767 seu
797 2728 1113 2769 aliodamenta
1137 2732 1246 2770 ante
1280 2730 1446 2770 faciem
1481 2732 1696 2770 nostram
1730 2730 2041 2781 premisimus.

264 2795 489 2837 Volumus
536 2797 706 2848 itaque„
759 2801 805 2839 ut
855 2812 958 2839 cum
1005 2800 1179 2841 eisdem
1227 2801 1451 2841 militibus
1499 2801 1677 2842 nostris
1725 2801 1923 2852 aliquem
1970 2801 2039 2841 vel

264 2867 443 2918 aliquos
486 2880 542 2907 ex
582 2870 690 2919 tuis,
737 2870 807 2910 cui
853 2871 923 2910 vel
967 2871 1131 2921 quibus
1179 2872 1386 2913 condicio
1427 2874 1475 2913 et
1515 2872 1765 2923 disposicio
1808 2874 2037 2913 terrarum

381 3008 412 3038 a)
434 3005 479 3031 Es
499 3005 579 3039 folsst
602 3014 701 3039 quos3
723 3007 800 3033 don-le
829 3007 1040 3042 z‘ibm-fle'issiy?

385 3054 408 3092 ¹)
436 3055 658 3099 Mitlce'lmoy
684 3055 730 3088 de
758 3057 876 3089 statu.
