<?xml version="1.0" encoding="UTF-8"?>
<!DOCTYPE html PUBLIC "-//W3C//DTD XHTML 1.0 Transitional//EN"
    "http://www.w3.org/TR/xhtml1/DTD/xhtml1-transitional.dtd">
<html xmlns="http://www.w3.org/1999/xhtml" xml:lang="en" lang="en">
 <head>
  <title>
</title>
<meta http-equiv="Content-Type" content="text/html;charset=utf-8" />
  <meta name='ocr-system' content='tesseract 3.04.00' />
  <meta name='ocr-capabilities' content='ocr_page ocr_carea ocr_par ocr_line ocrx_word'/>
</head>
<body>
  <div class='ocr_page' id='page_1' title='image "./actaconciliicons03counuoft_0217.png"; bbox 0 0 2178 3404; ppageno 0'>
   <div class='ocr_carea' id='block_1_1' title="bbox 379 106 1696 153">
    <p class='ocr_par' dir='ltr' id='par_1_1' title="bbox 379 106 1696 153">
     <span class='ocr_line' id='line_1_1' title="bbox 379 106 1696 153; baseline -0.004 -10"><span class='ocrx_word' id='word_1_1' title='bbox 379 110 703 153; x_wconf 83' lang='lat' dir='ltr'>Anklageartikel</span> <span class='ocrx_word' id='word_1_2' title='bbox 730 109 806 142; x_wconf 91' lang='lat' dir='ltr'>und</span> <span class='ocrx_word' id='word_1_3' title='bbox 833 109 1193 152; x_wconf 77' lang='lat' dir='ltr'>Zeugenaussagen</span> <span class='ocrx_word' id='word_1_4' title='bbox 1220 117 1346 151; x_wconf 72' lang='lat' dir='ltr'>gegen</span> <span class='ocrx_word' id='word_1_5' title='bbox 1373 106 1529 140; x_wconf 80' lang='lat' dir='ltr'>Johann</span> <span class='ocrx_word' id='word_1_6' title='bbox 1559 106 1696 139; x_wconf 86' lang='lat' dir='ltr'>XXIII.</span> 
     </span>
    </p>
   </div>
   <div class='ocr_carea' id='block_1_2' title="bbox 149 218 1003 1544">
    <p class='ocr_par' dir='ltr' id='par_1_2' title="bbox 152 218 1003 623">
     <span class='ocr_line' id='line_1_2' title="bbox 155 218 1002 269; baseline -0.004 -9"><span class='ocrx_word' id='word_1_7' title='bbox 155 220 511 260; x_wconf 86' lang='lat' dir='ltr'>sacrosanctum</span> <span class='ocrx_word' id='word_1_8' title='bbox 526 218 741 269; x_wconf 83' lang='lat' dir='ltr'>generale</span> <span class='ocrx_word' id='word_1_9' title='bbox 759 218 1002 258; x_wconf 77' lang='lat' dir='ltr'>conciliUm</span> 
     </span>
     <span class='ocr_line' id='line_1_3' title="bbox 155 288 1002 341; baseline -0.004 -11"><span class='ocrx_word' id='word_1_10' title='bbox 155 290 445 341; x_wconf 86' lang='lat' dir='ltr'>dissolveret,</span> <span class='ocrx_word' id='word_1_11' title='bbox 481 320 488 329; x_wconf 93' lang='lat'>.</span> <span class='ocrx_word' id='word_1_12' title='bbox 514 320 522 329; x_wconf 91' lang='lat'>.</span> <span class='ocrx_word' id='word_1_13' title='bbox 549 321 556 329; x_wconf 93' lang='lat'>.</span> <span class='ocrx_word' id='word_1_14' title='bbox 589 289 706 329; x_wconf 86' lang='lat' dir='ltr'>dans</span> <span class='ocrx_word' id='word_1_15' title='bbox 729 290 776 329; x_wconf 90' lang='lat' dir='ltr'>et</span> <span class='ocrx_word' id='word_1_16' title='bbox 800 288 1002 328; x_wconf 84' lang='lat' dir='ltr'>offerens</span> 
     </span>
     <span class='ocr_line' id='line_1_4' title="bbox 153 358 1002 408; baseline -0.004 -8"><span class='ocrx_word' id='word_1_17' title='bbox 153 360 413 401; x_wconf 76' lang='lat' dir='ltr'>uberiorem</span> <span class='ocrx_word' id='word_1_18' title='bbox 471 359 650 400; x_wconf 87' lang='lat' dir='ltr'>salvum</span> <span class='ocrx_word' id='word_1_19' title='bbox 708 358 1002 408; x_wconf 81' lang='lat' dir='ltr'>conductum,</span> 
     </span>
     <span class='ocr_line' id='line_1_5' title="bbox 155 428 1003 482; baseline -0.004 -11"><span class='ocrx_word' id='word_1_20' title='bbox 155 462 163 471; x_wconf 91' lang='lat'>.</span> <span class='ocrx_word' id='word_1_21' title='bbox 189 462 196 470; x_wconf 97' lang='lat'>.</span> <span class='ocrx_word' id='word_1_22' title='bbox 222 462 230 470; x_wconf 95' lang='lat'>.</span> <span class='ocrx_word' id='word_1_23' title='bbox 260 431 470 482; x_wconf 89' lang='lat' dir='ltr'>quodque</span> <span class='ocrx_word' id='word_1_24' title='bbox 505 430 656 471; x_wconf 92' lang='lat' dir='ltr'>dictus</span> <span class='ocrx_word' id='word_1_25' title='bbox 691 429 731 469; x_wconf 89' lang='lat' dir='ltr'>d.</span> <span class='ocrx_word' id='word_1_26' title='bbox 764 428 1003 469; x_wconf 78' lang='lat' dir='ltr'>Johannes</span> 
     </span>
     <span class='ocr_line' id='line_1_6' title="bbox 152 500 1002 552; baseline -0.002 -11"><span class='ocrx_word' id='word_1_27' title='bbox 152 501 367 543; x_wconf 78' lang='lat' dir='ltr'>recedere</span> <span class='ocrx_word' id='word_1_28' title='bbox 429 512 665 552; x_wconf 87' lang='lat' dir='ltr'>nunquam</span> <span class='ocrx_word' id='word_1_29' title='bbox 729 500 1002 551; x_wconf 81' lang='lat' dir='ltr'>cogItasset,</span> 
     </span>
     <span class='ocr_line' id='line_1_7' title="bbox 152 571 1002 623; baseline -0.004 -10"><span class='ocrx_word' id='word_1_30' title='bbox 152 571 405 623; x_wconf 73' lang='lat' dir='ltr'>respondit,</span> <span class='ocrx_word' id='word_1_31' title='bbox 448 571 531 612; x_wconf 87' lang='lat' dir='ltr'>sed</span> <span class='ocrx_word' id='word_1_32' title='bbox 563 571 722 622; x_wconf 90' lang='lat' dir='ltr'>utique</span> <span class='ocrx_word' id='word_1_33' title='bbox 761 581 1002 611; x_wconf 83' lang='lat' dir='ltr'>remanere</span> 
     </span>
    </p>

    <p class='ocr_par' dir='ltr' id='par_1_3' title="bbox 152 640 1002 765">
     <span class='ocr_line' id='line_1_8' title="bbox 241 640 1002 693; baseline -0.004 -10"><span class='ocrx_word' id='word_1_34' title='bbox 241 674 249 683; x_wconf 97' lang='lat'>.</span> <span class='ocrx_word' id='word_1_35' title='bbox 295 644 342 683; x_wconf 87' lang='lat' dir='ltr'>et</span> <span class='ocrx_word' id='word_1_36' title='bbox 387 642 637 693; x_wconf 84' lang='lat' dir='ltr'>adimplere</span> <span class='ocrx_word' id='word_1_37' title='bbox 684 653 786 683; x_wconf 89' lang='lat' dir='ltr'>cum</span> <span class='ocrx_word' id='word_1_38' title='bbox 833 640 1002 682; x_wconf 82' lang='lat' dir='ltr'>effectu</span> 
     </span>
     <span class='ocr_line' id='line_1_9' title="bbox 152 712 1001 765; baseline -0.004 -11"><span class='ocrx_word' id='word_1_39' title='bbox 152 713 268 754; x_wconf 86' lang='lat' dir='ltr'>velle</span> <span class='ocrx_word' id='word_1_40' title='bbox 291 725 359 765; x_wconf 88' lang='lat' dir='ltr'>ea,</span> <span class='ocrx_word' id='word_1_41' title='bbox 394 724 480 764; x_wconf 88' lang='lat' dir='ltr'>que</span> <span class='ocrx_word' id='word_1_42' title='bbox 504 712 636 753; x_wconf 87' lang='lat' dir='ltr'>vovit</span> <span class='ocrx_word' id='word_1_43' title='bbox 659 713 705 753; x_wconf 90' lang='lat' dir='ltr'>et</span> <span class='ocrx_word' id='word_1_44' title='bbox 730 712 901 752; x_wconf 57' lang='lat' dir='ltr'>iuraxdt</span> <span class='ocrx_word' id='word_1_45' title='bbox 927 743 934 752; x_wconf 90' lang='lat'>.</span> <span class='ocrx_word' id='word_1_46' title='bbox 962 744 969 752; x_wconf 92' lang='lat'>.</span> <span class='ocrx_word' id='word_1_47' title='bbox 993 743 1001 751; x_wconf 91' lang='lat'>.</span> 
     </span>
    </p>

    <p class='ocr_par' dir='ltr' id='par_1_4' title="bbox 149 780 1002 975">
     <span class='ocr_line' id='line_1_10' title="bbox 210 780 1002 834; baseline 0.001 -13"><span class='ocrx_word' id='word_1_48' title='bbox 210 780 314 824; x_wconf 88' lang='lat' dir='ltr'>LXI.</span> <span class='ocrx_word' id='word_1_49' title='bbox 347 783 586 825; x_wconf 79' lang='lat' dir='ltr'>Johannes</span> <span class='ocrx_word' id='word_1_50' title='bbox 623 815 630 823; x_wconf 94' lang='lat'>.</span> <span class='ocrx_word' id='word_1_51' title='bbox 667 815 675 824; x_wconf 88' lang='lat'>.</span> <span class='ocrx_word' id='word_1_52' title='bbox 712 814 719 823; x_wconf 94' lang='lat'>.</span> <span class='ocrx_word' id='word_1_53' title='bbox 759 782 1002 834; x_wconf 86' lang='lat' dir='ltr'>dyabolico</span> 
     </span>
     <span class='ocr_line' id='line_1_11' title="bbox 151 854 1002 906; baseline -0.004 -10"><span class='ocrx_word' id='word_1_54' title='bbox 151 855 317 906; x_wconf 87' lang='lat' dir='ltr'>spiritu</span> <span class='ocrx_word' id='word_1_55' title='bbox 338 854 593 905; x_wconf 81' lang='lat' dir='ltr'>instigatus</span> <span class='ocrx_word' id='word_1_56' title='bbox 617 854 705 895; x_wconf 89' lang='lat' dir='ltr'>hoc</span> <span class='ocrx_word' id='word_1_57' title='bbox 727 865 1002 894; x_wconf 82' lang='lat' dir='ltr'>sacrosanc-</span> 
     </span>
     <span class='ocr_line' id='line_1_12' title="bbox 149 924 1002 975; baseline -0.002 -9"><span class='ocrx_word' id='word_1_58' title='bbox 149 928 249 967; x_wconf 87' lang='lat' dir='ltr'>tum</span> <span class='ocrx_word' id='word_1_59' title='bbox 269 925 513 967; x_wconf 87' lang='lat' dir='ltr'>concilium</span> <span class='ocrx_word' id='word_1_60' title='bbox 530 924 787 966; x_wconf 78' lang='lat' dir='ltr'>dissolvere</span> <span class='ocrx_word' id='word_1_61' title='bbox 805 936 1002 975; x_wconf 89' lang='lat' dir='ltr'>querens</span> 
     </span>
    </p>

    <p class='ocr_par' dir='ltr' id='par_1_5' title="bbox 150 994 1003 1544">
     <span class='ocr_line' id='line_1_13' title="bbox 240 994 1002 1037; baseline -0.004 0"><span class='ocrx_word' id='word_1_62' title='bbox 240 1028 248 1036; x_wconf 90' lang='lat'>.</span> <span class='ocrx_word' id='word_1_63' title='bbox 283 1008 322 1037; x_wconf 85' lang='lat' dir='ltr'>a.</span> <span class='ocrx_word' id='word_1_64' title='bbox 356 995 408 1036; x_wconf 87' lang='lat' dir='ltr'>D.</span> <span class='ocrx_word' id='word_1_65' title='bbox 442 994 733 1036; x_wconf 82' lang='lat' dir='ltr'>MCCCCXV.</span> <span class='ocrx_word' id='word_1_66' title='bbox 770 995 841 1035; x_wconf 91' lang='lat' dir='ltr'>die</span> <span class='ocrx_word' id='word_1_67' title='bbox 884 1006 1002 1035; x_wconf 88' lang='lat' dir='ltr'>mer-</span> 
     </span>
     <span class='ocr_line' id='line_1_14' title="bbox 151 1066 1001 1109; baseline -0.001 -1"><span class='ocrx_word' id='word_1_68' title='bbox 151 1068 263 1109; x_wconf 90' lang='lat' dir='ltr'>curii</span> <span class='ocrx_word' id='word_1_69' title='bbox 282 1066 400 1107; x_wconf 92' lang='lat' dir='ltr'>XXI.</span> <span class='ocrx_word' id='word_1_70' title='bbox 416 1067 591 1107; x_wconf 87' lang='lat' dir='ltr'>mensis</span> <span class='ocrx_word' id='word_1_71' title='bbox 607 1066 765 1107; x_wconf 87' lang='lat' dir='ltr'>Marcii</span> <span class='ocrx_word' id='word_1_72' title='bbox 785 1067 828 1106; x_wconf 90' lang='lat' dir='ltr'>in</span> <span class='ocrx_word' id='word_1_73' title='bbox 847 1067 1001 1107; x_wconf 89' lang='lat' dir='ltr'>noctis</span> 
     </span>
     <span class='ocr_line' id='line_1_15' title="bbox 150 1137 1002 1179; baseline -0.002 0"><span class='ocrx_word' id='word_1_74' title='bbox 150 1138 356 1179; x_wconf 89' lang='lat' dir='ltr'>tenebris</span> <span class='ocrx_word' id='word_1_75' title='bbox 374 1137 537 1178; x_wconf 86' lang='lat' dir='ltr'>habitu</span> <span class='ocrx_word' id='word_1_76' title='bbox 554 1137 784 1178; x_wconf 74' lang='lat' dir='ltr'>indecenti</span> <span class='ocrx_word' id='word_1_77' title='bbox 803 1139 850 1177; x_wconf 91' lang='lat' dir='ltr'>et</span> <span class='ocrx_word' id='word_1_78' title='bbox 869 1137 1002 1178; x_wconf 90' lang='lat' dir='ltr'>dissi-</span> 
     </span>
     <span class='ocr_line' id='line_1_16' title="bbox 150 1208 1002 1260; baseline 0 -11"><span class='ocrx_word' id='word_1_79' title='bbox 150 1209 343 1260; x_wconf 84' lang='lat' dir='ltr'>mulato,</span> <span class='ocrx_word' id='word_1_80' title='bbox 366 1208 517 1249; x_wconf 78' lang='lat' dir='ltr'>laicali</span> <span class='ocrx_word' id='word_1_81' title='bbox 542 1219 672 1249; x_wconf 86' lang='lat' dir='ltr'>more</span> <span class='ocrx_word' id='word_1_82' title='bbox 698 1240 705 1248; x_wconf 96' lang='lat'>.</span> <span class='ocrx_word' id='word_1_83' title='bbox 742 1240 749 1248; x_wconf 94' lang='lat'>.</span> <span class='ocrx_word' id='word_1_84' title='bbox 786 1240 794 1248; x_wconf 83' lang='lat'>.</span> <span class='ocrx_word' id='word_1_85' title='bbox 831 1208 887 1249; x_wconf 86' lang='lat' dir='ltr'>ab</span> <span class='ocrx_word' id='word_1_86' title='bbox 915 1208 1002 1250; x_wconf 89' lang='lat' dir='ltr'>hoc</span> 
     </span>
     <span class='ocr_line' id='line_1_17' title="bbox 150 1278 1002 1334; baseline -0.001 -14"><span class='ocrx_word' id='word_1_87' title='bbox 150 1291 287 1321; x_wconf 82' lang='lat' dir='ltr'>sacro</span> <span class='ocrx_word' id='word_1_88' title='bbox 303 1279 508 1330; x_wconf 82' lang='lat' dir='ltr'>generali</span> <span class='ocrx_word' id='word_1_89' title='bbox 522 1278 878 1334; x_wconf 83' lang='lat' dir='ltr'>Constanciensi</span> <span class='ocrx_word' id='word_1_90' title='bbox 895 1291 1002 1320; x_wconf 87' lang='lat' dir='ltr'>con-</span> 
     </span>
     <span class='ocr_line' id='line_1_18' title="bbox 151 1351 1003 1392; baseline 0 -1"><span class='ocrx_word' id='word_1_91' title='bbox 151 1351 253 1392; x_wconf 89' lang='lat' dir='ltr'>cilio</span> <span class='ocrx_word' id='word_1_92' title='bbox 288 1351 632 1392; x_wconf 73' lang='lat' dir='ltr'>contumaciter</span> <span class='ocrx_word' id='word_1_93' title='bbox 666 1362 716 1391; x_wconf 89' lang='lat' dir='ltr'>se</span> <span class='ocrx_word' id='word_1_94' title='bbox 753 1351 1003 1392; x_wconf 87' lang='lat' dir='ltr'>absentan-</span> 
     </span>
     <span class='ocr_line' id='line_1_19' title="bbox 151 1421 1002 1472; baseline -0.001 -9"><span class='ocrx_word' id='word_1_95' title='bbox 151 1422 208 1463; x_wconf 94' lang='lat' dir='ltr'>do</span> <span class='ocrx_word' id='word_1_96' title='bbox 243 1421 424 1472; x_wconf 81' lang='lat' dir='ltr'>aufugit</span> <span class='ocrx_word' id='word_1_97' title='bbox 456 1423 503 1462; x_wconf 91' lang='lat' dir='ltr'>et</span> <span class='ocrx_word' id='word_1_98' title='bbox 540 1422 739 1463; x_wconf 87' lang='lat' dir='ltr'>recessit</span> <span class='ocrx_word' id='word_1_99' title='bbox 781 1422 825 1462; x_wconf 91' lang='lat' dir='ltr'>in</span> <span class='ocrx_word' id='word_1_100' title='bbox 869 1434 1002 1463; x_wconf 89' lang='lat' dir='ltr'>scan-</span> 
     </span>
     <span class='ocr_line' id='line_1_20' title="bbox 152 1492 800 1544; baseline 0.002 -12"><span class='ocrx_word' id='word_1_101' title='bbox 152 1492 306 1534; x_wconf 89' lang='lat' dir='ltr'>dalum</span> <span class='ocrx_word' id='word_1_102' title='bbox 340 1493 571 1544; x_wconf 86' lang='lat' dir='ltr'>generalis</span> <span class='ocrx_word' id='word_1_103' title='bbox 606 1493 800 1534; x_wconf 91' lang='lat' dir='ltr'>concilii.</span> 
     </span>
    </p>
   </div>
   <div class='ocr_carea' id='block_1_3' title="bbox 271 3033 568 3067">
    <p class='ocr_par' dir='ltr' id='par_1_6' title="bbox 271 3033 568 3067">
     <span class='ocr_line' id='line_1_21' title="bbox 271 3033 568 3067; baseline 0 -7"><span class='ocrx_word' id='word_1_104' title='bbox 271 3034 302 3067; x_wconf 83' lang='lat' dir='ltr'>a)</span> <span class='ocrx_word' id='word_1_105' title='bbox 323 3033 365 3063; x_wconf 91' lang='lat' dir='ltr'>So</span> <span class='ocrx_word' id='word_1_106' title='bbox 386 3034 474 3062; x_wconf 85' lang='lat' dir='ltr'>beide</span> <span class='ocrx_word' id='word_1_107' title='bbox 496 3034 568 3063; x_wconf 85' lang='lat' dir='ltr'>Hss.</span> 
     </span>
    </p>
   </div>
   <div class='ocr_carea' id='block_1_4' title="bbox 1845 97 1927 138">
    <p class='ocr_par' dir='ltr' id='par_1_7' title="bbox 1845 97 1927 138">
     <span class='ocr_line' id='line_1_22' title="bbox 1845 97 1927 138; baseline 0.012 -1"><span class='ocrx_word' id='word_1_108' title='bbox 1845 97 1927 138; x_wconf 83' lang='lat'>199</span> 
     </span>
    </p>
   </div>
   <div class='ocr_carea' id='block_1_5' title="bbox 1073 214 1931 2957">
    <p class='ocr_par' dir='ltr' id='par_1_8' title="bbox 1073 214 1931 2957">
     <span class='ocr_line' id='line_1_23' title="bbox 1078 214 1927 258; baseline -0.001 -2"><span class='ocrx_word' id='word_1_109' title='bbox 1078 228 1216 258; x_wconf 84' lang='lat' dir='ltr'>veros</span> <span class='ocrx_word' id='word_1_110' title='bbox 1250 219 1297 257; x_wconf 89' lang='lat' dir='ltr'>et</span> <span class='ocrx_word' id='word_1_111' title='bbox 1330 215 1556 257; x_wconf 86' lang='lat' dir='ltr'>notorios.</span> <span class='ocrx_word' id='word_1_112' title='bbox 1593 214 1824 257; x_wconf 88' lang='lat' dir='ltr'>Ostiensis</span> <span class='ocrx_word' id='word_1_113' title='bbox 1853 215 1927 255; x_wconf 89' lang='lat' dir='ltr'>de-</span> 
     </span>
     <span class='ocr_line' id='line_1_24' title="bbox 1078 285 1928 337; baseline -0.001 -11"><span class='ocrx_word' id='word_1_114' title='bbox 1078 287 1220 337; x_wconf 86' lang='lat' dir='ltr'>ponit,</span> <span class='ocrx_word' id='word_1_115' title='bbox 1245 287 1366 337; x_wconf 86' lang='lat' dir='ltr'>quod</span> <span class='ocrx_word' id='word_1_116' title='bbox 1387 287 1431 326; x_wconf 94' lang='lat' dir='ltr'>in</span> <span class='ocrx_word' id='word_1_117' title='bbox 1450 286 1755 337; x_wconf 89' lang='lat' dir='ltr'>requisicione</span> <span class='ocrx_word' id='word_1_118' title='bbox 1780 288 1827 326; x_wconf 89' lang='lat' dir='ltr'>et</span> <span class='ocrx_word' id='word_1_119' title='bbox 1851 285 1928 326; x_wconf 93' lang='lat' dir='ltr'>ob-</span> 
     </span>
     <span class='ocr_line' id='line_1_25' title="bbox 1078 356 1927 408; baseline -0.001 -11"><span class='ocrx_word' id='word_1_120' title='bbox 1078 358 1256 398; x_wconf 86' lang='lat' dir='ltr'>lacione</span> <span class='ocrx_word' id='word_1_121' title='bbox 1290 358 1412 408; x_wconf 81' lang='lat' dir='ltr'>regIs</span> <span class='ocrx_word' id='word_1_122' title='bbox 1452 368 1645 408; x_wconf 87' lang='lat' dir='ltr'>presens</span> <span class='ocrx_word' id='word_1_123' title='bbox 1691 356 1779 397; x_wconf 87' lang='lat' dir='ltr'>fuit</span> <span class='ocrx_word' id='word_1_124' title='bbox 1825 368 1927 397; x_wconf 91' lang='lat' dir='ltr'>cum</span> 
     </span>
     <span class='ocr_line' id='line_1_26' title="bbox 1080 427 1930 469; baseline -0.004 -1"><span class='ocrx_word' id='word_1_125' title='bbox 1080 429 1180 469; x_wconf 86' lang='lat' dir='ltr'>aliis</span> <span class='ocrx_word' id='word_1_126' title='bbox 1215 427 1525 469; x_wconf 77' lang='lat' dir='ltr'>cardinalibus</span> <span class='ocrx_word' id='word_1_127' title='bbox 1560 429 1607 468; x_wconf 90' lang='lat' dir='ltr'>et</span> <span class='ocrx_word' id='word_1_128' title='bbox 1640 428 1707 468; x_wconf 87' lang='lat' dir='ltr'>ita</span> <span class='ocrx_word' id='word_1_129' title='bbox 1753 427 1930 468; x_wconf 85' lang='lat' dir='ltr'>audivit</span> 
     </span>
     <span class='ocr_line' id='line_1_27' title="bbox 1078 496 1929 550; baseline -0.002 -11"><span class='ocrx_word' id='word_1_130' title='bbox 1078 500 1125 539; x_wconf 90' lang='lat' dir='ltr'>et</span> <span class='ocrx_word' id='word_1_131' title='bbox 1159 496 1335 550; x_wconf 64' lang='lat' dir='ltr'>quasia)</span> <span class='ocrx_word' id='word_1_132' title='bbox 1358 496 1547 549; x_wconf 84' lang='lat' dir='ltr'>depomt</span> <span class='ocrx_word' id='word_1_133' title='bbox 1571 498 1791 539; x_wconf 84' lang='lat' dir='ltr'>effectum</span> <span class='ocrx_word' id='word_1_134' title='bbox 1820 497 1929 538; x_wconf 85' lang='lat' dir='ltr'>arti-</span> 
     </span>
     <span class='ocr_line' id='line_1_28' title="bbox 1079 568 1930 620; baseline -0.001 -11"><span class='ocrx_word' id='word_1_135' title='bbox 1079 570 1286 610; x_wconf 87' lang='lat' dir='ltr'>culorum</span> <span class='ocrx_word' id='word_1_136' title='bbox 1335 571 1382 610; x_wconf 91' lang='lat' dir='ltr'>et</span> <span class='ocrx_word' id='word_1_137' title='bbox 1430 569 1552 620; x_wconf 87' lang='lat' dir='ltr'>quod</span> <span class='ocrx_word' id='word_1_138' title='bbox 1602 581 1722 620; x_wconf 86' lang='lat' dir='ltr'>papa</span> <span class='ocrx_word' id='word_1_139' title='bbox 1771 568 1930 610; x_wconf 86' lang='lat' dir='ltr'>oblata</span> 
     </span>
     <span class='ocr_line' id='line_1_29' title="bbox 1079 634 1931 692; baseline -0.001 -12"><span class='ocrx_word' id='word_1_140' title='bbox 1079 634 1357 690; x_wconf 84' lang='lat' dir='ltr'>acceptavit.</span> <span class='ocrx_word' id='word_1_141' title='bbox 1435 635 1532 692; x_wconf 88' lang='lat' dir='ltr'>[De]</span> <span class='ocrx_word' id='word_1_142' title='bbox 1589 640 1767 680; x_wconf 87' lang='lat' dir='ltr'>Ursinis</span> <span class='ocrx_word' id='word_1_143' title='bbox 1819 639 1931 680; x_wconf 89' lang='lat' dir='ltr'>dicit</span> 
     </span>
     <span class='ocr_line' id='line_1_30' title="bbox 1079 709 1929 762; baseline -0.002 -10"><span class='ocrx_word' id='word_1_144' title='bbox 1079 711 1324 752; x_wconf 80' lang='lat' dir='ltr'>articulum</span> <span class='ocrx_word' id='word_1_145' title='bbox 1358 723 1546 761; x_wconf 80' lang='lat' dir='ltr'>verum3</span> <span class='ocrx_word' id='word_1_146' title='bbox 1581 711 1733 762; x_wconf 89' lang='lat' dir='ltr'>quoad</span> <span class='ocrx_word' id='word_1_147' title='bbox 1781 709 1929 752; x_wconf 90' lang='lat' dir='ltr'>uberi-</span> 
     </span>
     <span class='ocr_line' id='line_1_31' title="bbox 1078 781 1931 823; baseline -0.001 -1"><span class='ocrx_word' id='word_1_148' title='bbox 1078 794 1206 823; x_wconf 87' lang='lat' dir='ltr'>orem</span> <span class='ocrx_word' id='word_1_149' title='bbox 1258 782 1440 822; x_wconf 83' lang='lat' dir='ltr'>salvum</span> <span class='ocrx_word' id='word_1_150' title='bbox 1490 781 1771 823; x_wconf 86' lang='lat' dir='ltr'>conductum</span> <span class='ocrx_word' id='word_1_151' title='bbox 1819 781 1931 822; x_wconf 92' lang='lat' dir='ltr'>dicit</span> 
     </span>
     <span class='ocr_line' id='line_1_32' title="bbox 1079 852 1930 904; baseline -0.002 -10"><span class='ocrx_word' id='word_1_152' title='bbox 1079 853 1315 894; x_wconf 78' lang='lat' dir='ltr'>audivisse</span> <span class='ocrx_word' id='word_1_153' title='bbox 1361 853 1418 893; x_wconf 88' lang='lat' dir='ltr'>ab</span> <span class='ocrx_word' id='word_1_154' title='bbox 1464 853 1761 904; x_wconf 77' lang='lat' dir='ltr'>imperatore,</span> <span class='ocrx_word' id='word_1_155' title='bbox 1809 852 1930 904; x_wconf 89' lang='lat' dir='ltr'>quod</span> 
     </span>
     <span class='ocr_line' id='line_1_33' title="bbox 1079 923 1929 974; baseline -0.001 -10"><span class='ocrx_word' id='word_1_156' title='bbox 1079 923 1247 965; x_wconf 87' lang='lat' dir='ltr'>obtulit</span> <span class='ocrx_word' id='word_1_157' title='bbox 1292 923 1542 974; x_wconf 89' lang='lat' dir='ltr'>pleniorem</span> <span class='ocrx_word' id='word_1_158' title='bbox 1591 923 1772 964; x_wconf 83' lang='lat' dir='ltr'>salvum</span> <span class='ocrx_word' id='word_1_159' title='bbox 1823 934 1929 963; x_wconf 90' lang='lat' dir='ltr'>con-</span> 
     </span>
     <span class='ocr_line' id='line_1_34' title="bbox 1078 994 1929 1035; baseline -0.002 0"><span class='ocrx_word' id='word_1_160' title='bbox 1078 995 1269 1035; x_wconf 87' lang='lat' dir='ltr'>ductum</span> <span class='ocrx_word' id='word_1_161' title='bbox 1305 994 1362 1035; x_wconf 88' lang='lat' dir='ltr'>ad</span> <span class='ocrx_word' id='word_1_162' title='bbox 1396 994 1781 1035; x_wconf 87' lang='lat' dir='ltr'>deliberacionem</span> <span class='ocrx_word' id='word_1_163' title='bbox 1823 1004 1929 1034; x_wconf 87' lang='lat' dir='ltr'>con.-</span> 
     </span>
     <span class='ocr_line' id='line_1_35' title="bbox 1078 1064 1929 1116; baseline -0.001 -11"><span class='ocrx_word' id='word_1_164' title='bbox 1078 1066 1191 1116; x_wconf 82' lang='lat' dir='ltr'>cilii3</span> <span class='ocrx_word' id='word_1_165' title='bbox 1226 1065 1280 1106; x_wconf 92' lang='lat' dir='ltr'>de</span> <span class='ocrx_word' id='word_1_166' title='bbox 1314 1077 1505 1106; x_wconf 88' lang='lat' dir='ltr'>recessu</span> <span class='ocrx_word' id='word_1_167' title='bbox 1538 1067 1585 1105; x_wconf 86' lang='lat' dir='ltr'>et</span> <span class='ocrx_word' id='word_1_168' title='bbox 1619 1065 1673 1105; x_wconf 91' lang='lat' dir='ltr'>de</span> <span class='ocrx_word' id='word_1_169' title='bbox 1707 1064 1929 1106; x_wconf 83' lang='lat' dir='ltr'>scandalo</span> 
     </span>
     <span class='ocr_line' id='line_1_36' title="bbox 1078 1135 1927 1188; baseline -0.001 -12"><span class='ocrx_word' id='word_1_170' title='bbox 1078 1137 1189 1177; x_wconf 87' lang='lat' dir='ltr'>dicit</span> <span class='ocrx_word' id='word_1_171' title='bbox 1223 1136 1371 1177; x_wconf 85' lang='lat' dir='ltr'>LVIII.</span> <span class='ocrx_word' id='word_1_172' title='bbox 1408 1148 1583 1188; x_wconf 81' lang='lat' dir='ltr'>verum,</span> <span class='ocrx_word' id='word_1_173' title='bbox 1619 1135 1849 1187; x_wconf 89' lang='lat' dir='ltr'>publicum</span> <span class='ocrx_word' id='word_1_174' title='bbox 1883 1136 1927 1175; x_wconf 78' lang='lat' dir='ltr'>et</span> 
     </span>
     <span class='ocr_line' id='line_1_37' title="bbox 1077 1206 1930 1258; baseline -0.004 -10"><span class='ocrx_word' id='word_1_175' title='bbox 1077 1207 1328 1248; x_wconf 88' lang='lat' dir='ltr'>notorium.</span> <span class='ocrx_word' id='word_1_176' title='bbox 1364 1207 1442 1258; x_wconf 89' lang='lat' dir='ltr'>Ep.</span> <span class='ocrx_word' id='word_1_177' title='bbox 1480 1206 1751 1247; x_wconf 88' lang='lat' dir='ltr'>Narniensis</span> <span class='ocrx_word' id='word_1_178' title='bbox 1788 1217 1930 1256; x_wconf 86' lang='lat' dir='ltr'>supra</span> 
     </span>
     <span class='ocr_line' id='line_1_38' title="bbox 1080 1277 1930 1329; baseline -0.005 -10"><span class='ocrx_word' id='word_1_179' title='bbox 1080 1278 1187 1318; x_wconf 84' lang='lat' dir='ltr'>LVI.</span> <span class='ocrx_word' id='word_1_180' title='bbox 1229 1278 1341 1319; x_wconf 89' lang='lat' dir='ltr'>dicit</span> <span class='ocrx_word' id='word_1_181' title='bbox 1373 1289 1550 1329; x_wconf 84' lang='lat' dir='ltr'>verum,</span> <span class='ocrx_word' id='word_1_182' title='bbox 1594 1277 1700 1328; x_wconf 85' lang='lat' dir='ltr'>quia</span> <span class='ocrx_word' id='word_1_183' title='bbox 1746 1288 1837 1317; x_wconf 83' lang='lat' dir='ltr'>vox</span> <span class='ocrx_word' id='word_1_184' title='bbox 1883 1278 1930 1317; x_wconf 90' lang='lat' dir='ltr'>et</span> 
     </span>
     <span class='ocr_line' id='line_1_39' title="bbox 1079 1347 1928 1390; baseline -0.005 0"><span class='ocrx_word' id='word_1_185' title='bbox 1079 1349 1206 1390; x_wconf 85' lang='lat' dir='ltr'>fama</span> <span class='ocrx_word' id='word_1_186' title='bbox 1254 1352 1301 1390; x_wconf 90' lang='lat' dir='ltr'>et</span> <span class='ocrx_word' id='word_1_187' title='bbox 1354 1348 1551 1389; x_wconf 87' lang='lat' dir='ltr'>effectus</span> <span class='ocrx_word' id='word_1_188' title='bbox 1606 1347 1928 1389; x_wconf 80' lang='lat' dir='ltr'>ostenderunt.</span> 
     </span>
     <span class='ocr_line' id='line_1_40' title="bbox 1080 1419 1928 1470; baseline -0.002 -10"><span class='ocrx_word' id='word_1_189' title='bbox 1080 1420 1208 1461; x_wconf 79' lang='lat' dir='ltr'>LVII.</span> <span class='ocrx_word' id='word_1_190' title='bbox 1244 1420 1355 1461; x_wconf 87' lang='lat' dir='ltr'>dicit</span> <span class='ocrx_word' id='word_1_191' title='bbox 1388 1431 1564 1470; x_wconf 82' lang='lat' dir='ltr'>verum,</span> <span class='ocrx_word' id='word_1_192' title='bbox 1599 1419 1705 1470; x_wconf 88' lang='lat' dir='ltr'>quia</span> <span class='ocrx_word' id='word_1_193' title='bbox 1735 1430 1928 1469; x_wconf 89' lang='lat' dir='ltr'>presens</span> 
     </span>
     <span class='ocr_line' id='line_1_41' title="bbox 1080 1488 1929 1543; baseline -0.002 -11"><span class='ocrx_word' id='word_1_194' title='bbox 1080 1491 1180 1543; x_wconf 82' lang='lat' dir='ltr'>fuit,</span> <span class='ocrx_word' id='word_1_195' title='bbox 1216 1491 1400 1542; x_wconf 87' lang='lat' dir='ltr'>quando</span> <span class='ocrx_word' id='word_1_196' title='bbox 1426 1503 1546 1542; x_wconf 86' lang='lat' dir='ltr'>papa</span> <span class='ocrx_word' id='word_1_197' title='bbox 1570 1489 1763 1541; x_wconf 86' lang='lat' dir='ltr'>protulit</span> <span class='ocrx_word' id='word_1_198' title='bbox 1786 1488 1929 1530; x_wconf 77' lang='lat' dir='ltr'>verba</span> 
     </span>
     <span class='ocr_line' id='line_1_42' title="bbox 1077 1560 1927 1612; baseline -0.004 -9"><span class='ocrx_word' id='word_1_199' title='bbox 1077 1563 1121 1603; x_wconf 91' lang='lat' dir='ltr'>in</span> <span class='ocrx_word' id='word_1_200' title='bbox 1165 1574 1219 1603; x_wconf 93' lang='lat' dir='ltr'>eo</span> <span class='ocrx_word' id='word_1_201' title='bbox 1270 1564 1518 1611; x_wconf 79' lang='lat' dir='ltr'>contenta3</span> <span class='ocrx_word' id='word_1_202' title='bbox 1568 1560 1717 1601; x_wconf 91' lang='lat' dir='ltr'>LVIII.</span> <span class='ocrx_word' id='word_1_203' title='bbox 1752 1572 1927 1612; x_wconf 88' lang='lat' dir='ltr'>verum,</span> 
     </span>
     <span class='ocr_line' id='line_1_43' title="bbox 1075 1632 1927 1685; baseline -0.002 -11"><span class='ocrx_word' id='word_1_204' title='bbox 1075 1633 1306 1685; x_wconf 88' lang='lat' dir='ltr'>publicum</span> <span class='ocrx_word' id='word_1_205' title='bbox 1331 1635 1379 1674; x_wconf 88' lang='lat' dir='ltr'>et</span> <span class='ocrx_word' id='word_1_206' title='bbox 1403 1633 1654 1674; x_wconf 71' lang='lat' dir='ltr'>notoriiun.</span> <span class='ocrx_word' id='word_1_207' title='bbox 1687 1632 1927 1673; x_wconf 62' lang='lat' dir='ltr'>,Iohannes</span> 
     </span>
     <span class='ocr_line' id='line_1_44' title="bbox 1075 1703 1928 1757; baseline -0.002 -12"><span class='ocrx_word' id='word_1_208' title='bbox 1075 1705 1130 1745; x_wconf 88' lang='lat' dir='ltr'>de</span> <span class='ocrx_word' id='word_1_209' title='bbox 1165 1705 1351 1757; x_wconf 87' lang='lat' dir='ltr'>Polleyo</span> <span class='ocrx_word' id='word_1_210' title='bbox 1387 1704 1498 1745; x_wconf 88' lang='lat' dir='ltr'>dicit</span> <span class='ocrx_word' id='word_1_211' title='bbox 1533 1703 1640 1743; x_wconf 91' lang='lat' dir='ltr'>LVI.</span> <span class='ocrx_word' id='word_1_212' title='bbox 1676 1715 1837 1744; x_wconf 87' lang='lat' dir='ltr'>verum</span> <span class='ocrx_word' id='word_1_213' title='bbox 1881 1704 1928 1743; x_wconf 87' lang='lat' dir='ltr'>et</span> 
     </span>
     <span class='ocr_line' id='line_1_45' title="bbox 1073 1774 1928 1825; baseline -0.002 -9"><span class='ocrx_word' id='word_1_214' title='bbox 1073 1776 1335 1825; x_wconf 70' lang='lat' dir='ltr'>notorium,</span> <span class='ocrx_word' id='word_1_215' title='bbox 1360 1777 1407 1815; x_wconf 90' lang='lat' dir='ltr'>et</span> <span class='ocrx_word' id='word_1_216' title='bbox 1431 1774 1579 1815; x_wconf 91' lang='lat' dir='ltr'>LVIII.</span> <span class='ocrx_word' id='word_1_217' title='bbox 1601 1786 1762 1815; x_wconf 83' lang='lat' dir='ltr'>verum</span> <span class='ocrx_word' id='word_1_218' title='bbox 1782 1774 1928 1815; x_wconf 87' lang='lat' dir='ltr'>eciam</span> 
     </span>
     <span class='ocr_line' id='line_1_46' title="bbox 1074 1845 1928 1897; baseline -0.004 -10"><span class='ocrx_word' id='word_1_219' title='bbox 1074 1850 1121 1888; x_wconf 83' lang='lat' dir='ltr'>et</span> <span class='ocrx_word' id='word_1_220' title='bbox 1169 1847 1421 1888; x_wconf 87' lang='lat' dir='ltr'>notorium.</span> <span class='ocrx_word' id='word_1_221' title='bbox 1491 1846 1617 1897; x_wconf 85' lang='lat' dir='ltr'>Deys</span> <span class='ocrx_word' id='word_1_222' title='bbox 1665 1845 1775 1886; x_wconf 89' lang='lat' dir='ltr'>dicit</span> <span class='ocrx_word' id='word_1_223' title='bbox 1819 1845 1928 1886; x_wconf 85' lang='lat' dir='ltr'>arti-</span> 
     </span>
     <span class='ocr_line' id='line_1_47' title="bbox 1076 1916 1930 1968; baseline -0.004 -9"><span class='ocrx_word' id='word_1_224' title='bbox 1076 1919 1226 1959; x_wconf 85' lang='lat' dir='ltr'>culum</span> <span class='ocrx_word' id='word_1_225' title='bbox 1264 1917 1371 1957; x_wconf 87' lang='lat' dir='ltr'>LVI.</span> <span class='ocrx_word' id='word_1_226' title='bbox 1407 1928 1583 1968; x_wconf 86' lang='lat' dir='ltr'>verum,</span> <span class='ocrx_word' id='word_1_227' title='bbox 1619 1917 1726 1968; x_wconf 87' lang='lat' dir='ltr'>quia</span> <span class='ocrx_word' id='word_1_228' title='bbox 1772 1916 1930 1958; x_wconf 87' lang='lat' dir='ltr'>docuit</span> 
     </span>
     <span class='ocr_line' id='line_1_48' title="bbox 1074 1987 1926 2037; baseline -0.004 -8"><span class='ocrx_word' id='word_1_229' title='bbox 1074 1990 1137 2029; x_wconf 84' lang='lat' dir='ltr'>rei</span> <span class='ocrx_word' id='word_1_230' title='bbox 1193 1989 1458 2037; x_wconf 80' lang='lat' dir='ltr'>evidencia3</span> <span class='ocrx_word' id='word_1_231' title='bbox 1514 1987 1641 2027; x_wconf 87' lang='lat' dir='ltr'>LVII.</span> <span class='ocrx_word' id='word_1_232' title='bbox 1691 1987 1926 2028; x_wconf 88' lang='lat' dir='ltr'>notorium</span> 
     </span>
     <span class='ocr_line' id='line_1_49' title="bbox 1074 2057 1927 2111; baseline -0.005 -10"><span class='ocrx_word' id='word_1_233' title='bbox 1074 2063 1173 2110; x_wconf 81' lang='lat' dir='ltr'>est-3</span> <span class='ocrx_word' id='word_1_234' title='bbox 1208 2062 1255 2101; x_wconf 88' lang='lat' dir='ltr'>et</span> <span class='ocrx_word' id='word_1_235' title='bbox 1290 2060 1415 2111; x_wconf 82' lang='lat' dir='ltr'>dicit,</span> <span class='ocrx_word' id='word_1_236' title='bbox 1451 2059 1574 2110; x_wconf 84' lang='lat' dir='ltr'>quod</span> <span class='ocrx_word' id='word_1_237' title='bbox 1608 2069 1800 2109; x_wconf 89' lang='lat' dir='ltr'>presens</span> <span class='ocrx_word' id='word_1_238' title='bbox 1826 2057 1927 2108; x_wconf 85' lang='lat' dir='ltr'>fuit,</span> 
     </span>
     <span class='ocr_line' id='line_1_50' title="bbox 1075 2129 1928 2182; baseline -0.004 -11"><span class='ocrx_word' id='word_1_239' title='bbox 1075 2131 1258 2182; x_wconf 86' lang='lat' dir='ltr'>quando</span> <span class='ocrx_word' id='word_1_240' title='bbox 1293 2143 1414 2181; x_wconf 88' lang='lat' dir='ltr'>papa</span> <span class='ocrx_word' id='word_1_241' title='bbox 1448 2130 1576 2180; x_wconf 78' lang='lat' dir='ltr'>dixit,</span> <span class='ocrx_word' id='word_1_242' title='bbox 1611 2129 1733 2180; x_wconf 88' lang='lat' dir='ltr'>quod</span> <span class='ocrx_word' id='word_1_243' title='bbox 1767 2129 1928 2179; x_wconf 89' lang='lat' dir='ltr'>pocius</span> 
     </span>
     <span class='ocr_line' id='line_1_51' title="bbox 1075 2200 1928 2253; baseline -0.005 -10"><span class='ocrx_word' id='word_1_244' title='bbox 1075 2203 1215 2243; x_wconf 84' lang='lat' dir='ltr'>vellet</span> <span class='ocrx_word' id='word_1_245' title='bbox 1237 2202 1369 2253; x_wconf 86' lang='lat' dir='ltr'>mori,</span> <span class='ocrx_word' id='word_1_246' title='bbox 1390 2213 1526 2252; x_wconf 77' lang='lat' dir='ltr'>quam</span> <span class='ocrx_word' id='word_1_247' title='bbox 1548 2200 1778 2250; x_wconf 74' lang='lat' dir='ltr'>recedere,</span> <span class='ocrx_word' id='word_1_248' title='bbox 1800 2201 1928 2240; x_wconf 90' lang='lat' dir='ltr'>ante-</span> 
     </span>
     <span class='ocr_line' id='line_1_52' title="bbox 1078 2270 1928 2325; baseline -0.005 -11"><span class='ocrx_word' id='word_1_249' title='bbox 1078 2286 1215 2325; x_wconf 84' lang='lat' dir='ltr'>quam</span> <span class='ocrx_word' id='word_1_250' title='bbox 1282 2273 1417 2314; x_wconf 87' lang='lat' dir='ltr'>daret</span> <span class='ocrx_word' id='word_1_251' title='bbox 1480 2283 1642 2323; x_wconf 89' lang='lat' dir='ltr'>pacem</span> <span class='ocrx_word' id='word_1_252' title='bbox 1707 2270 1928 2319; x_wconf 81' lang='lat' dir='ltr'>ecclesie3</span> 
     </span>
     <span class='ocr_line' id='line_1_53' title="bbox 1076 2342 1926 2393; baseline -0.005 -9"><span class='ocrx_word' id='word_1_253' title='bbox 1076 2344 1224 2384; x_wconf 87' lang='lat' dir='ltr'>LVIIl.</span> <span class='ocrx_word' id='word_1_254' title='bbox 1249 2344 1500 2393; x_wconf 89' lang='lat' dir='ltr'>notorium,</span> <span class='ocrx_word' id='word_1_255' title='bbox 1521 2342 1628 2393; x_wconf 89' lang='lat' dir='ltr'>quia</span> <span class='ocrx_word' id='word_1_256' title='bbox 1648 2343 1777 2382; x_wconf 79' lang='lat' dir='ltr'>totus</span> <span class='ocrx_word' id='word_1_257' title='bbox 1797 2352 1926 2381; x_wconf 90' lang='lat' dir='ltr'>mun-</span> 
     </span>
     <span class='ocr_line' id='line_1_54' title="bbox 1075 2412 1928 2462; baseline -0.006 -7"><span class='ocrx_word' id='word_1_258' title='bbox 1075 2415 1161 2455; x_wconf 88' lang='lat' dir='ltr'>dus</span> <span class='ocrx_word' id='word_1_259' title='bbox 1208 2415 1311 2455; x_wconf 77' lang='lat' dir='ltr'>scIt.</span> <span class='ocrx_word' id='word_1_260' title='bbox 1378 2414 1424 2453; x_wconf 80' lang='grc' dir='ltr'>Β.</span> <span class='ocrx_word' id='word_1_261' title='bbox 1473 2413 1527 2453; x_wconf 90' lang='lat' dir='ltr'>de</span> <span class='ocrx_word' id='word_1_262' title='bbox 1577 2412 1738 2452; x_wconf 91' lang='lat' dir='ltr'>Vincio</span> <span class='ocrx_word' id='word_1_263' title='bbox 1788 2423 1928 2462; x_wconf 90' lang='lat' dir='ltr'>super</span> 
     </span>
     <span class='ocr_line' id='line_1_55' title="bbox 1075 2483 1927 2536; baseline -0.004 -12"><span class='ocrx_word' id='word_1_264' title='bbox 1075 2485 1250 2536; x_wconf 59' lang='lat' dir='ltr'>LVIII,</span> <span class='ocrx_word' id='word_1_265' title='bbox 1274 2484 1395 2535; x_wconf 91' lang='lat' dir='ltr'>quod</span> <span class='ocrx_word' id='word_1_266' title='bbox 1429 2485 1620 2534; x_wconf 88' lang='lat' dir='ltr'>propter</span> <span class='ocrx_word' id='word_1_267' title='bbox 1652 2483 1750 2523; x_wconf 90' lang='lat' dir='ltr'>eius</span> <span class='ocrx_word' id='word_1_268' title='bbox 1775 2493 1927 2522; x_wconf 91' lang='lat' dir='ltr'>reces-</span> 
     </span>
     <span class='ocr_line' id='line_1_56' title="bbox 1075 2554 1926 2596; baseline -0.004 0"><span class='ocrx_word' id='word_1_269' title='bbox 1075 2568 1177 2596; x_wconf 87' lang='lat' dir='ltr'>sum</span> <span class='ocrx_word' id='word_1_270' title='bbox 1212 2556 1410 2596; x_wconf 89' lang='lat' dir='ltr'>ecclesia</span> <span class='ocrx_word' id='word_1_271' title='bbox 1445 2554 1532 2595; x_wconf 87' lang='lat' dir='ltr'>fuit</span> <span class='ocrx_word' id='word_1_272' title='bbox 1564 2554 1762 2594; x_wconf 87' lang='lat' dir='ltr'>multum</span> <span class='ocrx_word' id='word_1_273' title='bbox 1793 2564 1926 2594; x_wconf 90' lang='lat' dir='ltr'>scan-</span> 
     </span>
     <span class='ocr_line' id='line_1_57' title="bbox 1075 2624 1926 2667; baseline -0.002 -1"><span class='ocrx_word' id='word_1_274' title='bbox 1075 2626 1290 2667; x_wconf 83' lang='lat' dir='ltr'>dalizata.</span> <span class='ocrx_word' id='word_1_275' title='bbox 1340 2625 1604 2666; x_wconf 80' lang='lat' dir='ltr'>Wolmarus</span> <span class='ocrx_word' id='word_1_276' title='bbox 1629 2624 1741 2665; x_wconf 91' lang='lat' dir='ltr'>dicit</span> <span class='ocrx_word' id='word_1_277' title='bbox 1764 2635 1926 2665; x_wconf 91' lang='lat' dir='ltr'>omnes</span> 
     </span>
     <span class='ocr_line' id='line_1_58' title="bbox 1075 2694 1927 2737; baseline -0.004 0"><span class='ocrx_word' id='word_1_278' title='bbox 1075 2699 1173 2737; x_wconf 80' lang='lat' dir='ltr'>tres</span> <span class='ocrx_word' id='word_1_279' title='bbox 1208 2708 1346 2737; x_wconf 81' lang='lat' dir='ltr'>veros</span> <span class='ocrx_word' id='word_1_280' title='bbox 1381 2698 1429 2737; x_wconf 87' lang='lat' dir='ltr'>et</span> <span class='ocrx_word' id='word_1_281' title='bbox 1451 2695 1678 2737; x_wconf 89' lang='lat' dir='ltr'>notorios.</span> <span class='ocrx_word' id='word_1_282' title='bbox 1708 2695 1761 2735; x_wconf 90' lang='lat' dir='ltr'>H.</span> <span class='ocrx_word' id='word_1_283' title='bbox 1785 2694 1927 2735; x_wconf 86' lang='lat' dir='ltr'>Kuwt</span> 
     </span>
     <span class='ocr_line' id='line_1_59' title="bbox 1075 2766 1925 2819; baseline -0.002 -12"><span class='ocrx_word' id='word_1_284' title='bbox 1075 2768 1186 2809; x_wconf 89' lang='lat' dir='ltr'>dicit</span> <span class='ocrx_word' id='word_1_285' title='bbox 1220 2767 1327 2808; x_wconf 93' lang='lat' dir='ltr'>LVI.</span> <span class='ocrx_word' id='word_1_286' title='bbox 1363 2779 1539 2819; x_wconf 78' lang='lat' dir='ltr'>verum,</span> <span class='ocrx_word' id='word_1_287' title='bbox 1565 2767 1670 2817; x_wconf 88' lang='lat' dir='ltr'>quia</span> <span class='ocrx_word' id='word_1_288' title='bbox 1694 2766 1925 2817; x_wconf 87' lang='lat' dir='ltr'>publicum</span> 
     </span>
     <span class='ocr_line' id='line_1_60' title="bbox 1075 2836 1927 2889; baseline -0.004 -10"><span class='ocrx_word' id='word_1_289' title='bbox 1075 2840 1123 2879; x_wconf 90' lang='lat' dir='ltr'>et</span> <span class='ocrx_word' id='word_1_290' title='bbox 1155 2839 1406 2880; x_wconf 88' lang='lat' dir='ltr'>notorium.</span> <span class='ocrx_word' id='word_1_291' title='bbox 1472 2838 1618 2889; x_wconf 85' lang='lat' dir='ltr'>Super</span> <span class='ocrx_word' id='word_1_292' title='bbox 1653 2837 1780 2877; x_wconf 87' lang='lat' dir='ltr'>LVII.</span> <span class='ocrx_word' id='word_1_293' title='bbox 1815 2836 1927 2878; x_wconf 89' lang='lat' dir='ltr'>dicit</span> 
     </span>
     <span class='ocr_line' id='line_1_61' title="bbox 1076 2908 1925 2957; baseline -0.002 -7"><span class='ocrx_word' id='word_1_294' title='bbox 1076 2922 1126 2950; x_wconf 94' lang='lat' dir='ltr'>se</span> <span class='ocrx_word' id='word_1_295' title='bbox 1191 2909 1427 2951; x_wconf 87' lang='lat' dir='ltr'>audivisse</span> <span class='ocrx_word' id='word_1_296' title='bbox 1492 2922 1518 2950; x_wconf 84' lang='lat' dir='ltr'>a</span> <span class='ocrx_word' id='word_1_297' title='bbox 1587 2908 1925 2957; x_wconf 79' lang='lat' dir='ltr'>cardinalibus3</span> 
     </span>
    </p>
   </div>
  </div>
 </body>
</html>
