2178 3404
72 184 112 221 Ε.
162 185 355 220 Benedikt
372 184 471 218 XIII.
499 196 533 218 u.
561 185 595 217 d.
619 184 756 217 Konzil
785 195 818 216 v.
847 184 880 216 d.
909 182 1162 216 Subtraktion
1189 181 1249 214 bis
1276 193 1306 214 z.
1324 181 1439 214 Wahl
1468 180 1632 214 Martius
1654 180 1696 213 V.
1753 170 1837 213 593

70 293 540 336 determinacionibus
574 293 769 334 ecclesie
803 291 1090 342 submisisse,
1125 291 1393 341 adicientes,
1427 290 1548 340 quod
1582 290 1836 340 predictam

71 365 431 407 submissionem
466 364 640 404 dixisse
673 362 816 403 verbo
841 363 911 402 vel
937 362 1185 412 scripsisse
1208 374 1298 402 non
1325 360 1512 412 sufficit,
1536 361 1624 400 nisi
1648 359 1838 401 effectu-

72 436 207 476 aliter
238 446 377 486 opere
417 434 720 484 compleatur,
767 435 814 472 et
859 432 925 472 sic
960 432 1176 472 videntur
1222 432 1337 472 velle
1385 431 1672 481 concludere,
1719 426 1840 481 quod

71 518 211 556 super
242 505 480 556 requisitis
512 504 558 544 in
592 504 800 554 predicta
834 503 995 543 cedula
1028 503 1233 553 ipsorum
1269 505 1316 542 et
1350 502 1543 542 aliorum
1578 503 1622 542 in
1658 501 1839 552 prefato

72 576 265 618 concilio
299 575 605 616 existencium
639 574 806 614 iudicio
842 574 902 613 sit
937 573 1226 613 submissus:
1271 585 1390 623 papa
1424 573 1678 623 respondit,
1719 572 1841 623 quod

70 646 247 687 fatetur
280 646 436 687 omnia
468 656 549 695 per
591 656 641 684 se
681 644 819 695 dicta,
860 644 1037 694 scripta
1077 646 1123 683 et
1158 643 1285 684 facta
1328 655 1468 693 super
1510 643 1610 693 hiis,
1654 655 1740 694 que
1784 643 1841 683 ad

72 717 396 757 credulitatem
430 718 479 756 et
518 715 856 766 professionem
902 726 1010 755 vere
1055 714 1157 754 fidei
1206 715 1452 765 pertinent,
1500 716 1551 754 ut
1596 716 1670 753 est
1716 714 1841 765 iuris,

73 787 350 829 correctioni
395 787 590 827 ecclesie
637 786 864 826 catholice
911 786 1201 836 submisisse,
1250 797 1342 825 non
1388 787 1546 825 tamen
1593 786 1842 835 propterea

71 858 117 898 in
166 857 266 898 aliis
315 857 413 898 suis
463 857 681 909 consiliis,
732 857 914 897 actibus
964 858 1011 896 et
1060 855 1475 896 (leliberacionibus
1527 855 1841 905 predictorum

71 928 238 969 iudicio
272 939 323 969 se
357 927 587 979 submisit,
620 928 832 969 recolens
865 928 966 968 iura
999 929 1045 967 et
1087 927 1213 967 dicta
1247 927 1507 977 doctorum,
1549 927 1623 977 qui
1667 927 1844 976 ponunt

71 999 214 1040 talem
260 998 634 1050 submissionem,
682 998 739 1039 ad
785 1010 922 1048 quam
968 1010 1089 1048 papa
1134 997 1402 1038 necessario
1450 999 1700 1047 artaretur,
1743 996 1843 1037 fore

72 1069 420 1120 impossibilem,
453 1069 585 1120 unde,
621 1069 741 1109 sicut
775 1069 819 1108 in
853 1068 1027 1109 eisdem
1063 1067 1492 1118 protestacionibus
1518 1069 1662 1118 patet,
1687 1068 1843 1117 talem,

73 1142 123 1180 ut
147 1139 318 1191 dicunt,
342 1139 702 1180 submissionem
721 1151 813 1180 non
837 1139 961 1189 fecit,
981 1139 1100 1190 quia,
1124 1139 1233 1179 licet
1257 1150 1443 1189 semper
1459 1138 1596 1179 vellet
1616 1138 1842 1178 bonorum

73 1210 266 1251 consilia
299 1210 441 1251 verbo
476 1210 548 1250 vel
582 1211 757 1261 scripto
782 1209 959 1260 publice
995 1213 1072 1250 aut
1100 1211 1294 1260 secrete,
1329 1211 1465 1259 prout
1492 1209 1576 1249 sibi
1602 1209 1845 1259 expedien-

74 1282 172 1323 cius
206 1281 450 1332 videbitur,
486 1281 644 1322 audire
678 1293 760 1321 seu
794 1281 950 1321 videre
985 1293 1038 1321 ac
1072 1281 1117 1320 in
1150 1280 1372 1331 predictis
1416 1282 1463 1320 et
1507 1280 1608 1320 aliis
1651 1279 1845 1320 ecclesie

72 1352 278 1403 negociis
312 1353 496 1392 mature
535 1351 791 1392 deliberare
833 1354 879 1392 et
922 1351 1174 1392 deliberate
1217 1350 1506 1401 concludere,
1552 1362 1643 1391 non
1687 1352 1844 1390 tamen

73 1422 271 1463 intendit
311 1434 397 1463 nec
430 1422 578 1463 voluit
615 1434 700 1463 nec
738 1423 839 1463 vult
874 1422 1130 1473 predictam
1171 1422 1532 1463 submissionem
1576 1421 1745 1472 facere,
1789 1421 1846 1461 ad

74 1505 212 1545 quam
246 1492 522 1545 faciendam,
556 1496 607 1534 ut
649 1505 705 1534 ex
746 1493 1002 1535 canonibus
1037 1505 1225 1534 suorum
1273 1493 1657 1544 predecessorum
1702 1494 1845 1542 patet,

74 1564 260 1604 minime
293 1563 540 1615 obligatur.

194 1646 252 1688 Et
285 1658 388 1688 cum
422 1647 467 1686 in
501 1646 662 1687 eadem
709 1646 871 1687 cedula
905 1645 1212 1697 subiungitur,
1255 1646 1377 1697 quod
1420 1645 1575 1686 onmia
1616 1645 1848 1695 premissa

75 1719 123 1758 et
156 1718 246 1759 alia
278 1718 434 1759 unioni
467 1718 662 1759 ecclesie
697 1718 952 1759 accomoda
985 1718 1083 1768 ipse
1116 1717 1259 1758 verbo
1294 1720 1353 1768 et,
1388 1717 1509 1768 quod
1542 1717 1846 1768 periculosius

75 1789 163 1839 est,
195 1788 324 1829 facto
359 1790 606 1839 acceptare
640 1789 685 1829 et
718 1789 762 1828 in
806 1788 1086 1829 execucione
1129 1788 1286 1829 debita
1328 1795 1499 1839 ponere
1542 1788 1847 1838 pretermittit

76 1861 123 1899 et
156 1857 296 1899 difert
329 1861 376 1910 et
408 1859 610 1909 qualitas
645 1861 885 1900 tantorum
918 1859 1219 1909 negociorum
1254 1861 1303 1899 et
1326 1859 1552 1909 temporis
1583 1858 1847 1909 disposicio,

76 1931 127 1970 ut
161 1929 284 1970 clare
316 1929 473 1981 liquet,
520 1929 618 1969 sine
660 1930 952 1971 evidentibus
983 1929 1213 1980 periculis,
1248 1929 1474 1980 dampnis,
1521 1929 1756 1970 scandalis
1802 1931 1848 1969 et

76 2000 311 2041 erroribus
364 1999 637 2041 dilacionem
692 2000 961 2041 ulteriorem
1015 2012 1106 2040 non
1162 1999 1460 2040 substineant
1511 2011 1596 2041 nec
1651 2000 1847 2050 amplius

78 2071 316 2121 pacienter
349 2072 452 2122 etc,
477 2080 598 2122 papa
630 2071 897 2122 respondet,
932 2072 1054 2122 quod
1078 2071 1341 2111 vehementi
1376 2071 1689 2111 admiracione
1724 2082 1848 2111 com-

75 2143 233 2182 motus
265 2141 417 2182 nescit
450 2142 620 2193 videre,
655 2142 774 2182 unde
808 2142 881 2182 vel
915 2154 1057 2193 quare
1093 2143 1159 2183 sic
1194 2142 1350 2182 subito
1385 2142 1484 2182 eius
1518 2153 1626 2193 ymo
1662 2141 1848 2193 Christi,

77 2211 206 2252 cuius
252 2212 379 2252 vices
423 2212 558 2264 gerit,
607 2213 874 2263 postposita
919 2213 1188 2254 reverencia
1235 2214 1400 2253 contra
1448 2213 1600 2263 ipsum
1647 2212 1705 2252 ad
1750 2214 1848 2252 tam

75 2281 324 2323 inhonesta
356 2283 500 2323 verba
533 2286 852 2335 prorumpant,
887 2283 993 2334 quia
1016 2283 1244 2334 loquendo
1278 2295 1381 2323 cum
1415 2294 1577 2323 eorum
1602 2294 1715 2332 pace
1748 2294 1848 2333 pre-

77 2352 215 2404 dicta,
248 2353 356 2393 licet
388 2365 481 2394 non
514 2365 639 2404 vera,
674 2354 711 2394 si
745 2354 811 2393 eis
835 2354 1054 2404 placeret,
1091 2354 1357 2404 potuissent
1387 2353 1645 2403 exprimere
1679 2353 1847 2393 saltem

76 2435 157 2473 per
198 2423 343 2463 verba
386 2423 537 2473 magis
584 2423 774 2463 curialia
820 2425 867 2463 et
912 2424 1141 2463 modesta.
1206 2422 1538 2463 Nichilominus
1582 2432 1702 2473 papa
1745 2434 1846 2463 cum

78 2493 278 2534 veritate
313 2494 497 2544 asserit,
532 2494 653 2544 quod
692 2493 782 2544 illa,
826 2505 912 2543 que
956 2493 1013 2533 ad
1047 2505 1207 2534 veram
1251 2496 1297 2533 et
1344 2492 1586 2534 comodam
1633 2493 1847 2532 unionem

78 2565 126 2604 et
159 2565 339 2604 statum
383 2566 546 2605 sancte
580 2564 745 2604 matris
791 2564 985 2604 ecclesie
1020 2564 1266 2615 pertinent,
1301 2566 1523 2614 quantum
1566 2563 1611 2602 in
1653 2574 1707 2603 eo
1747 2562 1848 2613 suit,

78 2646 128 2675 se
174 2635 519 2685 pretermisisse
563 2634 637 2675 vel
682 2635 921 2675 distulisse
966 2647 1059 2675 non
1108 2635 1267 2686 credit,
1314 2634 1526 2685 quamvis
1577 2633 1621 2673 in
1667 2633 1845 2673 illorum

77 2705 357 2753 execucione
390 2704 542 2755 fuerit,
576 2706 627 2745 ut
660 2707 733 2745 est
757 2705 1006 2755 notorium,
1040 2705 1358 2755 multipliciter
1381 2704 1655 2755 impeditus:
1691 2703 1750 2744 ad
1773 2703 1849 2743 illa

78 2787 204 2827 vero,
238 2787 324 2826 que
358 2778 456 2816 tam
490 2775 735 2815 inhoneste
768 2777 814 2815 et
849 2775 1107 2825 periculose
1150 2776 1206 2816 ab
1249 2787 1303 2815 eo
1347 2775 1401 2815 de
1445 2787 1569 2816 nova
1612 2775 1848 2825 petuntur,

77 2857 134 2886 ne
166 2845 288 2886 idem
321 2846 531 2897 iteretur,
567 2844 753 2896 sufficit,
788 2845 909 2896 quod
941 2845 985 2885 in
1020 2845 1190 2886 effectu
1216 2846 1428 2897 superius
1453 2848 1527 2886 est
1554 2856 1847 2895 responsum,

78 2924 187 2956 nam
221 2928 304 2966 pro
339 2916 618 2957 execucione
641 2927 815 2967 eorum,
840 2927 926 2966 que
959 2916 1255 2967 requirentur
1278 2916 1335 2956 ad
1360 2928 1519 2956 veram
1544 2917 1591 2955 et
1613 2915 1847 2955 indubiam

79 2985 295 3026 unionem
329 2986 538 3037 ecclesie,
579 2987 624 3026 in
658 2985 942 3027 Constancia
980 2998 1071 3026 non
1117 2989 1192 3027 est
1238 2987 1469 3027 securitas
1515 2998 1599 3026 nec
1642 2985 1848 3035 libertas,

79 3057 154 3095 set
194 3057 358 3096 tantus
392 3057 533 3097 timor
574 3058 622 3097 et
662 3057 902 3107 violencia,
938 3057 1059 3107 quod
1103 3057 1272 3097 nedum
1317 3057 1604 3107 inposterum
1650 3067 1717 3105 ea,
1762 3067 1848 3105 que

150 3155 172 3182 F
184 3156 194 3182 i
206 3164 226 3182 n
238 3156 260 3182 k
271 3164 288 3184 e
300 3176 308 3191 ‚
327 3157 414 3184 Aeta
434 3157 567 3184 concilii
589 3157 875 3184 Constanciensis.
894 3157 948 3184 111.
1580 3136 1637 3178 38
