<?xml version="1.0" encoding="UTF-8"?>
<!DOCTYPE html PUBLIC "-//W3C//DTD XHTML 1.0 Transitional//EN"
    "http://www.w3.org/TR/xhtml1/DTD/xhtml1-transitional.dtd">
<html xmlns="http://www.w3.org/1999/xhtml" xml:lang="en" lang="en">
 <head>
  <title>
</title>
<meta http-equiv="Content-Type" content="text/html;charset=utf-8" />
  <meta name='ocr-system' content='tesseract 3.04.00' />
  <meta name='ocr-capabilities' content='ocr_page ocr_carea ocr_par ocr_line ocrx_word'/>
</head>
<body>
  <div class='ocr_page' id='page_1' title='image "./actaconciliicons03counuoft_0531.png"; bbox 0 0 2178 3404; ppageno 0'>
   <div class='ocr_carea' id='block_1_1' title="bbox 528 171 1851 222">
    <p class='ocr_par' dir='ltr' id='par_1_1' title="bbox 528 171 1851 222">
     <span class='ocr_line' id='line_1_1' title="bbox 528 171 1851 222; baseline -0.002 -9"><span class='ocrx_word' id='word_1_1' title='bbox 528 182 566 215; x_wconf 48' lang='lat'>(⁷¹.</span> <span class='ocrx_word' id='word_1_2' title='bbox 618 183 687 215; x_wconf 78' lang='lat' dir='ltr'>Die</span> <span class='ocrx_word' id='word_1_3' title='bbox 716 182 1045 220; x_wconf 68' lang='lat' dir='ltr'>V01·11andlun,q·‹2n</span> <span class='ocrx_word' id='word_1_4' title='bbox 1075 191 1148 213; x_wconf 86' lang='lat' dir='ltr'>von</span> <span class='ocrx_word' id='word_1_5' title='bbox 1179 180 1410 222; x_wconf 62' lang='lat' dir='ltr'>Perpiegnan.</span> <span class='ocrx_word' id='word_1_6' title='bbox 1767 171 1851 211; x_wconf 66' lang='lat'>509</span> 
     </span>
    </p>
   </div>
   <div class='ocr_carea' id='block_1_2' title="bbox 84 288 1885 2766">
    <p class='ocr_par' dir='ltr' id='par_1_2' title="bbox 84 288 1855 552">
     <span class='ocr_line' id='line_1_2' title="bbox 84 288 1852 340; baseline -0.003 -8"><span class='ocrx_word' id='word_1_7' title='bbox 84 291 354 332; x_wconf 75' lang='lat' dir='ltr'>Decembris</span> <span class='ocrx_word' id='word_1_8' title='bbox 398 291 441 331; x_wconf 92' lang='lat' dir='ltr'>in</span> <span class='ocrx_word' id='word_1_9' title='bbox 489 291 595 331; x_wconf 80' lang='lat' dir='ltr'>villa</span> <span class='ocrx_word' id='word_1_10' title='bbox 644 290 901 340; x_wconf 84' lang='lat' dir='ltr'>Perpiniani</span> <span class='ocrx_word' id='word_1_11' title='bbox 952 289 1244 330; x_wconf 79' lang='lat' dir='ltr'>confirmavit</span> <span class='ocrx_word' id='word_1_12' title='bbox 1292 292 1335 329; x_wconf 88' lang='lat' dir='ltr'>et</span> <span class='ocrx_word' id='word_1_13' title='bbox 1385 288 1661 339; x_wconf 72' lang='lat' dir='ltr'>approbavit</span> <span class='ocrx_word' id='word_1_14' title='bbox 1708 291 1752 328; x_wconf 90' lang='lat' dir='ltr'>et</span> <span class='ocrx_word' id='word_1_15' title='bbox 1797 300 1852 328; x_wconf 93' lang='lat' dir='ltr'>ex</span> 
     </span>
     <span class='ocr_line' id='line_1_3' title="bbox 84 359 1853 403; baseline -0.002 -1"><span class='ocrx_word' id='word_1_16' title='bbox 84 362 371 403; x_wconf 75' lang='lat' dir='ltr'>habundanti</span> <span class='ocrx_word' id='word_1_17' title='bbox 411 361 465 401; x_wconf 87' lang='lat' dir='ltr'>de</span> <span class='ocrx_word' id='word_1_18' title='bbox 505 373 627 401; x_wconf 79' lang='lat' dir='ltr'>novo</span> <span class='ocrx_word' id='word_1_19' title='bbox 670 361 743 401; x_wconf 89' lang='lat' dir='ltr'>illa</span> <span class='ocrx_word' id='word_1_20' title='bbox 790 361 888 400; x_wconf 91' lang='lat' dir='ltr'>iniit</span> <span class='ocrx_word' id='word_1_21' title='bbox 936 364 979 400; x_wconf 90' lang='lat' dir='ltr'>et</span> <span class='ocrx_word' id='word_1_22' title='bbox 1029 372 1220 401; x_wconf 77' lang='lat' dir='ltr'>servare</span> <span class='ocrx_word' id='word_1_23' title='bbox 1255 361 1422 400; x_wconf 68' lang='lat' dir='ltr'>iuravit</span> <span class='ocrx_word' id='word_1_24' title='bbox 1469 360 1525 400; x_wconf 87' lang='lat' dir='ltr'>ad</span> <span class='ocrx_word' id='word_1_25' title='bbox 1572 362 1736 400; x_wconf 84' lang='lat' dir='ltr'>sancta</span> <span class='ocrx_word' id='word_1_26' title='bbox 1771 359 1853 399; x_wconf 82' lang='lat' dir='ltr'>Dei</span> 
     </span>
     <span class='ocr_line' id='line_1_4' title="bbox 86 430 1851 483; baseline -0.002 -10"><span class='ocrx_word' id='word_1_27' title='bbox 86 433 339 483; x_wconf 82' lang='lat' dir='ltr'>evangelia.</span> <span class='ocrx_word' id='word_1_28' title='bbox 405 432 524 473; x_wconf 87' lang='lat' dir='ltr'>Suus</span> <span class='ocrx_word' id='word_1_29' title='bbox 571 432 716 472; x_wconf 85' lang='lat' dir='ltr'>eciam</span> <span class='ocrx_word' id='word_1_30' title='bbox 764 431 1113 482; x_wconf 76' lang='lat' dir='ltr'>primogenitus.</span> <span class='ocrx_word' id='word_1_31' title='bbox 1159 431 1373 481; x_wconf 90' lang='lat' dir='ltr'>princeps</span> <span class='ocrx_word' id='word_1_32' title='bbox 1421 430 1646 481; x_wconf 67' lang='lat' dir='ltr'>(Ierunde,</span> <span class='ocrx_word' id='word_1_33' title='bbox 1692 430 1851 471; x_wconf 87' lang='lat' dir='ltr'>eodem</span> 
     </span>
     <span class='ocr_line' id='line_1_5' title="bbox 86 502 1855 552; baseline -0.001 -9"><span class='ocrx_word' id='word_1_34' title='bbox 86 504 157 544; x_wconf 90' lang='lat' dir='ltr'>die</span> <span class='ocrx_word' id='word_1_35' title='bbox 192 503 247 544; x_wconf 86' lang='lat' dir='ltr'>ad</span> <span class='ocrx_word' id='word_1_36' title='bbox 283 506 449 544; x_wconf 86' lang='lat' dir='ltr'>sancta</span> <span class='ocrx_word' id='word_1_37' title='bbox 482 503 563 543; x_wconf 92' lang='lat' dir='ltr'>Dei</span> <span class='ocrx_word' id='word_1_38' title='bbox 598 502 839 552; x_wconf 72' lang='lat' dir='ltr'>evangelia</span> <span class='ocrx_word' id='word_1_39' title='bbox 871 503 1040 542; x_wconf 82' lang='lat' dir='ltr'>iuravit</span> <span class='ocrx_word' id='word_1_40' title='bbox 1077 514 1127 542; x_wconf 89' lang='lat' dir='ltr'>se</span> <span class='ocrx_word' id='word_1_41' title='bbox 1162 502 1720 552; x_wconf 78' lang='lat' dir='ltr'>premissaservaturum</span> <span class='ocrx_word' id='word_1_42' title='bbox 1759 533 1766 541; x_wconf 94' lang='lat'>.</span> <span class='ocrx_word' id='word_1_43' title='bbox 1803 533 1810 541; x_wconf 92' lang='lat'><strong>.</strong></span> <span class='ocrx_word' id='word_1_44' title='bbox 1848 533 1855 541; x_wconf 93' lang='lat'><strong><em>.</em></strong></span> 
     </span>
    </p>

    <p class='ocr_par' dir='ltr' id='par_1_3' title="bbox 89 584 1882 2481">
     <span class='ocr_line' id='line_1_6' title="bbox 207 584 1855 636; baseline -0.002 -10"><span class='ocrx_word' id='word_1_45' title='bbox 207 587 398 636; x_wconf 89' lang='lat' dir='ltr'>Insuper</span> <span class='ocrx_word' id='word_1_46' title='bbox 439 585 601 626; x_wconf 88' lang='lat' dir='ltr'>eodem</span> <span class='ocrx_word' id='word_1_47' title='bbox 644 586 715 625; x_wconf 90' lang='lat' dir='ltr'>die</span> <span class='ocrx_word' id='word_1_48' title='bbox 757 584 894 624; x_wconf 93' lang='lat' dir='ltr'>XXII.</span> <span class='ocrx_word' id='word_1_49' title='bbox 937 584 1207 624; x_wconf 75' lang='lat' dir='ltr'>Decembris</span> <span class='ocrx_word' id='word_1_50' title='bbox 1251 585 1290 624; x_wconf 90' lang='grc'>11.</span> <span class='ocrx_word' id='word_1_51' title='bbox 1327 596 1405 624; x_wconf 81' lang='lat' dir='ltr'>rex</span> <span class='ocrx_word' id='word_1_52' title='bbox 1451 584 1718 634; x_wconf 78' lang='lat' dir='ltr'>Aragonum</span> <span class='ocrx_word' id='word_1_53' title='bbox 1763 584 1855 633; x_wconf 74' lang='lat' dir='ltr'>regi</span> 
     </span>
     <span class='ocr_line' id='line_1_7' title="bbox 89 655 1857 706; baseline -0.002 -9"><span class='ocrx_word' id='word_1_54' title='bbox 89 657 403 697; x_wconf 82' lang='lat' dir='ltr'>Romanorum</span> <span class='ocrx_word' id='word_1_55' title='bbox 445 660 489 696; x_wconf 86' lang='lat' dir='ltr'>et</span> <span class='ocrx_word' id='word_1_56' title='bbox 526 657 693 706; x_wconf 81' lang='lat' dir='ltr'>legatis</span> <span class='ocrx_word' id='word_1_57' title='bbox 729 655 785 696; x_wconf 88' lang='lat' dir='ltr'>ad</span> <span class='ocrx_word' id='word_1_58' title='bbox 828 658 993 697; x_wconf 87' lang='lat' dir='ltr'>sancta</span> <span class='ocrx_word' id='word_1_59' title='bbox 1028 655 1108 695; x_wconf 85' lang='lat' dir='ltr'>Dei</span> <span class='ocrx_word' id='word_1_60' title='bbox 1143 656 1311 695; x_wconf 77' lang='lat' dir='ltr'>iuravit</span> <span class='ocrx_word' id='word_1_61' title='bbox 1349 655 1606 705; x_wconf 69' lang='lat' dir='ltr'>evangelia,</span> <span class='ocrx_word' id='word_1_62' title='bbox 1650 655 1784 705; x_wconf 65' lang='grc'><strong>1111011,</strong></span> <span class='ocrx_word' id='word_1_63' title='bbox 1821 655 1857 693; x_wconf 90' lang='lat' dir='ltr'>si</span> 
     </span>
     <span class='ocr_line' id='line_1_8' title="bbox 91 727 1858 778; baseline -0.002 -11"><span class='ocrx_word' id='word_1_64' title='bbox 91 728 256 768; x_wconf 79' lang='lat' dir='ltr'>Petrus</span> <span class='ocrx_word' id='word_1_65' title='bbox 290 727 344 767; x_wconf 91' lang='lat' dir='ltr'>de</span> <span class='ocrx_word' id='word_1_66' title='bbox 370 727 508 778; x_wconf 69' lang='lat' dir='ltr'>Luna,</span> <span class='ocrx_word' id='word_1_67' title='bbox 542 729 617 778; x_wconf 89' lang='lat' dir='ltr'>qui</span> <span class='ocrx_word' id='word_1_68' title='bbox 651 728 698 768; x_wconf 72' lang='lat' dir='ltr'>B.</span> <span class='ocrx_word' id='word_1_69' title='bbox 723 728 835 769; x_wconf 83' lang='lat' dir='ltr'>XIII.</span> <span class='ocrx_word' id='word_1_70' title='bbox 871 729 915 768; x_wconf 88' lang='grc'>111</span> <span class='ocrx_word' id='word_1_71' title='bbox 940 741 1023 768; x_wconf 89' lang='lat' dir='ltr'>sua</span> <span class='ocrx_word' id='word_1_72' title='bbox 1049 727 1317 768; x_wconf 75' lang='lat' dir='ltr'>obediencia</span> <span class='ocrx_word' id='word_1_73' title='bbox 1351 728 1658 776; x_wconf 73' lang='lat' dir='ltr'>nuncupatur,</span> <span class='ocrx_word' id='word_1_74' title='bbox 1694 727 1735 765; x_wconf 91' lang='lat' dir='ltr'>in</span> <span class='ocrx_word' id='word_1_75' title='bbox 1769 728 1858 765; x_wconf 88' lang='lat' dir='ltr'>ter-</span> 
     </span>
     <span class='ocr_line' id='line_1_9' title="bbox 90 797 1859 849; baseline -0.001 -11"><span class='ocrx_word' id='word_1_76' title='bbox 90 799 160 839; x_wconf 87' lang='lat' dir='ltr'>cia</span> <span class='ocrx_word' id='word_1_77' title='bbox 193 799 500 849; x_wconf 88' lang='lat' dir='ltr'>requisicione</span> <span class='ocrx_word' id='word_1_78' title='bbox 534 799 620 839; x_wconf 88' lang='lat' dir='ltr'>sibi</span> <span class='ocrx_word' id='word_1_79' title='bbox 653 798 781 840; x_wconf 88' lang='lat' dir='ltr'>facta</span> <span class='ocrx_word' id='word_1_80' title='bbox 815 802 860 839; x_wconf 83' lang='lat' dir='ltr'>et</span> <span class='ocrx_word' id='word_1_81' title='bbox 901 799 1206 849; x_wconf 72' lang='lat' dir='ltr'>responsione</span> <span class='ocrx_word' id='word_1_82' title='bbox 1241 798 1298 838; x_wconf 89' lang='lat' dir='ltr'>ad</span> <span class='ocrx_word' id='word_1_83' title='bbox 1336 797 1458 837; x_wconf 89' lang='lat' dir='ltr'>illam</span> <span class='ocrx_word' id='word_1_84' title='bbox 1494 809 1585 837; x_wconf 92' lang='lat' dir='ltr'>non</span> <span class='ocrx_word' id='word_1_85' title='bbox 1621 797 1859 837; x_wconf 78' lang='lat' dir='ltr'>renuncia-</span> 
     </span>
     <span class='ocr_line' id='line_1_10' title="bbox 91 868 1861 920; baseline -0.001 -11"><span class='ocrx_word' id='word_1_86' title='bbox 91 870 210 910; x_wconf 81' lang='lat' dir='ltr'>verit</span> <span class='ocrx_word' id='word_1_87' title='bbox 243 881 328 910; x_wconf 89' lang='lat' dir='ltr'>suo</span> <span class='ocrx_word' id='word_1_88' title='bbox 362 870 552 920; x_wconf 85' lang='lat' dir='ltr'>papatui</span> <span class='ocrx_word' id='word_1_89' title='bbox 587 870 723 911; x_wconf 91' lang='lat' dir='ltr'>modo</span> <span class='ocrx_word' id='word_1_90' title='bbox 757 873 801 911; x_wconf 86' lang='lat' dir='ltr'>et</span> <span class='ocrx_word' id='word_1_91' title='bbox 840 870 989 911; x_wconf 85' lang='lat' dir='ltr'>forma</span> <span class='ocrx_word' id='word_1_92' title='bbox 1014 870 1177 920; x_wconf 67' lang='lat' dir='ltr'>prima,</span> <span class='ocrx_word' id='word_1_93' title='bbox 1213 868 1416 909; x_wconf 90' lang='lat' dir='ltr'>secunda</span> <span class='ocrx_word' id='word_1_94' title='bbox 1451 871 1491 908; x_wconf 79' lang='lat' dir='ltr'>et</span> <span class='ocrx_word' id='word_1_95' title='bbox 1534 869 1679 908; x_wconf 81' lang='lat' dir='ltr'>tercia</span> <span class='ocrx_word' id='word_1_96' title='bbox 1714 868 1861 918; x_wconf 80' lang='lat' dir='ltr'>requi-</span> 
     </span>
     <span class='ocr_line' id='line_1_11' title="bbox 91 939 1861 991; baseline -0.001 -11"><span class='ocrx_word' id='word_1_97' title='bbox 91 940 265 981; x_wconf 88' lang='lat' dir='ltr'>sicione</span> <span class='ocrx_word' id='word_1_98' title='bbox 291 942 527 991; x_wconf 75' lang='lat' dir='ltr'>contenta,</span> <span class='ocrx_word' id='word_1_99' title='bbox 562 941 683 991; x_wconf 81' lang='lat' dir='ltr'>quod</span> <span class='ocrx_word' id='word_1_100' title='bbox 707 943 877 981; x_wconf 86' lang='lat' dir='ltr'>extunc</span> <span class='ocrx_word' id='word_1_101' title='bbox 913 953 994 991; x_wconf 88' lang='lat' dir='ltr'>pro</span> <span class='ocrx_word' id='word_1_102' title='bbox 1020 952 1069 980; x_wconf 85' lang='lat' dir='ltr'>se</span> <span class='ocrx_word' id='word_1_103' title='bbox 1094 942 1138 980; x_wconf 87' lang='lat' dir='ltr'>et</span> <span class='ocrx_word' id='word_1_104' title='bbox 1176 940 1388 981; x_wconf 87' lang='lat' dir='ltr'>omnibus</span> <span class='ocrx_word' id='word_1_105' title='bbox 1412 940 1568 987; x_wconf 61' lang='lat' dir='ltr'>reg-nis</span> <span class='ocrx_word' id='word_1_106' title='bbox 1594 939 1708 979; x_wconf 79' lang='lat' dir='ltr'>cltra</span> <span class='ocrx_word' id='word_1_107' title='bbox 1734 951 1861 978; x_wconf 86' lang='lat' dir='ltr'>mare</span> 
     </span>
     <span class='ocr_line' id='line_1_12' title="bbox 93 1010 1862 1060; baseline -0.002 -8"><span class='ocrx_word' id='word_1_108' title='bbox 93 1011 365 1052; x_wconf 87' lang='lat' dir='ltr'>constitutis</span> <span class='ocrx_word' id='word_1_109' title='bbox 397 1011 517 1052; x_wconf 84' lang='lat' dir='ltr'>infra</span> <span class='ocrx_word' id='word_1_110' title='bbox 560 1011 634 1051; x_wconf 88' lang='lat' dir='ltr'>LX</span> <span class='ocrx_word' id='word_1_111' title='bbox 677 1012 774 1052; x_wconf 89' lang='lat' dir='ltr'>dies</span> <span class='ocrx_word' id='word_1_112' title='bbox 817 1012 1036 1052; x_wconf 90' lang='lat' dir='ltr'>imediate</span> <span class='ocrx_word' id='word_1_113' title='bbox 1071 1014 1313 1052; x_wconf 90' lang='lat' dir='ltr'>currentes</span> <span class='ocrx_word' id='word_1_114' title='bbox 1357 1014 1401 1050; x_wconf 85' lang='lat' dir='ltr'>et</span> <span class='ocrx_word' id='word_1_115' title='bbox 1438 1011 1591 1060; x_wconf 79' lang='lat' dir='ltr'>regnis</span> <span class='ocrx_word' id='word_1_116' title='bbox 1634 1013 1678 1049; x_wconf 87' lang='lat' dir='ltr'>et</span> <span class='ocrx_word' id='word_1_117' title='bbox 1724 1010 1862 1049; x_wconf 84' lang='lat' dir='ltr'>terris</span> 
     </span>
     <span class='ocr_line' id='line_1_13' title="bbox 93 1082 1864 1124; baseline -0.001 -3"><span class='ocrx_word' id='word_1_118' title='bbox 93 1082 191 1122; x_wconf 91' lang='lat' dir='ltr'>suis</span> <span class='ocrx_word' id='word_1_119' title='bbox 215 1082 338 1122; x_wconf 80' lang='lat' dir='ltr'>ultra</span> <span class='ocrx_word' id='word_1_120' title='bbox 371 1094 499 1123; x_wconf 90' lang='lat' dir='ltr'>mare</span> <span class='ocrx_word' id='word_1_121' title='bbox 524 1083 834 1124; x_wconf 74' lang='lat' dir='ltr'>existentibus</span> <span class='ocrx_word' id='word_1_122' title='bbox 868 1082 989 1123; x_wconf 86' lang='lat' dir='ltr'>infra</span> <span class='ocrx_word' id='word_1_123' title='bbox 1015 1082 1175 1122; x_wconf 83' lang='lat' dir='ltr'>LXXX</span> <span class='ocrx_word' id='word_1_124' title='bbox 1199 1083 1296 1122; x_wconf 89' lang='lat' dir='ltr'>dies</span> <span class='ocrx_word' id='word_1_125' title='bbox 1321 1082 1587 1122; x_wconf 71' lang='lat' dir='ltr'>immediate</span> <span class='ocrx_word' id='word_1_126' title='bbox 1623 1082 1864 1121; x_wconf 83' lang='lat' dir='ltr'>currentes</span> 
     </span>
     <span class='ocr_line' id='line_1_14' title="bbox 94 1151 1864 1204; baseline -0.002 -11"><span class='ocrx_word' id='word_1_127' title='bbox 94 1166 120 1194; x_wconf 90' lang='lat' dir='ltr'>a</span> <span class='ocrx_word' id='word_1_128' title='bbox 154 1156 364 1204; x_wconf 87' lang='lat' dir='ltr'>tempore</span> <span class='ocrx_word' id='word_1_129' title='bbox 397 1154 568 1194; x_wconf 89' lang='lat' dir='ltr'>noticie</span> <span class='ocrx_word' id='word_1_130' title='bbox 603 1154 688 1194; x_wconf 89' lang='lat' dir='ltr'>sibi</span> <span class='ocrx_word' id='word_1_131' title='bbox 722 1154 848 1195; x_wconf 84' lang='lat' dir='ltr'>facte</span> <span class='ocrx_word' id='word_1_132' title='bbox 881 1155 936 1195; x_wconf 92' lang='lat' dir='ltr'>de</span> <span class='ocrx_word' id='word_1_133' title='bbox 968 1154 1274 1204; x_wconf 84' lang='lat' dir='ltr'>responsione</span> <span class='ocrx_word' id='word_1_134' title='bbox 1309 1153 1355 1193; x_wconf 84' lang='lat' dir='ltr'>P.</span> <span class='ocrx_word' id='word_1_135' title='bbox 1392 1153 1448 1193; x_wconf 88' lang='lat' dir='ltr'>ad</span> <span class='ocrx_word' id='word_1_136' title='bbox 1488 1153 1681 1193; x_wconf 84' lang='lat' dir='ltr'>terciam</span> <span class='ocrx_word' id='word_1_137' title='bbox 1716 1151 1864 1202; x_wconf 82' lang='lat' dir='ltr'>requi-</span> 
     </span>
     <span class='ocr_line' id='line_1_15' title="bbox 95 1224 1865 1276; baseline -0.003 -11"><span class='ocrx_word' id='word_1_138' title='bbox 95 1225 316 1265; x_wconf 90' lang='lat' dir='ltr'>sicionem</span> <span class='ocrx_word' id='word_1_139' title='bbox 351 1225 406 1265; x_wconf 87' lang='lat' dir='ltr'>de</span> <span class='ocrx_word' id='word_1_140' title='bbox 450 1225 654 1266; x_wconf 90' lang='lat' dir='ltr'>cedendo</span> <span class='ocrx_word' id='word_1_141' title='bbox 699 1226 888 1276; x_wconf 87' lang='lat' dir='ltr'>papatui</span> <span class='ocrx_word' id='word_1_142' title='bbox 932 1225 1016 1265; x_wconf 88' lang='lat' dir='ltr'>sibi</span> <span class='ocrx_word' id='word_1_143' title='bbox 1058 1225 1233 1265; x_wconf 87' lang='lat' dir='ltr'>factam</span> <span class='ocrx_word' id='word_1_144' title='bbox 1278 1224 1400 1265; x_wconf 90' lang='lat' dir='ltr'>dicto</span> <span class='ocrx_word' id='word_1_145' title='bbox 1436 1224 1482 1264; x_wconf 88' lang='lat' dir='ltr'>P.</span> <span class='ocrx_word' id='word_1_146' title='bbox 1518 1224 1564 1263; x_wconf 70' lang='lat' dir='ltr'>B.</span> <span class='ocrx_word' id='word_1_147' title='bbox 1598 1224 1865 1272; x_wconf 90' lang='lat' dir='ltr'>nuncupato</span> 
     </span>
     <span class='ocr_line' id='line_1_16' title="bbox 95 1293 1866 1346; baseline -0.004 -8"><span class='ocrx_word' id='word_1_148' title='bbox 95 1298 283 1338; x_wconf 81' lang='lat' dir='ltr'>realiter</span> <span class='ocrx_word' id='word_1_149' title='bbox 325 1309 427 1338; x_wconf 89' lang='lat' dir='ltr'>cum</span> <span class='ocrx_word' id='word_1_150' title='bbox 472 1296 641 1338; x_wconf 84' lang='lat' dir='ltr'>effectu</span> <span class='ocrx_word' id='word_1_151' title='bbox 685 1297 999 1338; x_wconf 77' lang='lat' dir='ltr'>obedienciam</span> <span class='ocrx_word' id='word_1_152' title='bbox 1045 1296 1306 1346; x_wconf 50' lang='lat' dir='ltr'>subtralien</span> <span class='ocrx_word' id='word_1_153' title='bbox 1350 1308 1437 1346; x_wconf 79' lang='lat' dir='ltr'>qua</span> <span class='ocrx_word' id='word_1_154' title='bbox 1484 1295 1608 1335; x_wconf 87' lang='lat' dir='ltr'>dicto</span> <span class='ocrx_word' id='word_1_155' title='bbox 1652 1294 1699 1333; x_wconf 74' lang='lat' dir='ltr'>P».</span> <span class='ocrx_word' id='word_1_156' title='bbox 1741 1293 1866 1344; x_wconf 89' lang='lat' dir='ltr'>prius</span> 
     </span>
     <span class='ocr_line' id='line_1_17' title="bbox 96 1364 1867 1418; baseline -0.005 -8"><span class='ocrx_word' id='word_1_157' title='bbox 96 1369 250 1410; x_wconf 82' lang='lat' dir='ltr'>fuerat</span> <span class='ocrx_word' id='word_1_158' title='bbox 274 1369 512 1410; x_wconf 83' lang='lat' dir='ltr'>astrictus.</span> <span class='ocrx_word' id='word_1_159' title='bbox 560 1368 681 1409; x_wconf 92' lang='lat' dir='ltr'>Idem</span> <span class='ocrx_word' id='word_1_160' title='bbox 710 1368 843 1409; x_wconf 91' lang='lat' dir='ltr'>nobis</span> <span class='ocrx_word' id='word_1_161' title='bbox 868 1369 1138 1409; x_wconf 79' lang='lat' dir='ltr'>iuraverunt</span> <span class='ocrx_word' id='word_1_162' title='bbox 1165 1370 1361 1418; x_wconf 83' lang='lat' dir='ltr'>protunc</span> <span class='ocrx_word' id='word_1_163' title='bbox 1388 1367 1720 1417; x_wconf 78' lang='lat' dir='ltr'>procuratores</span> <span class='ocrx_word' id='word_1_164' title='bbox 1746 1364 1867 1414; x_wconf 74' lang='lat' dir='ltr'>regis</span> 
     </span>
     <span class='ocr_line' id='line_1_18' title="bbox 96 1436 1867 1485; baseline -0.005 -3"><span class='ocrx_word' id='word_1_165' title='bbox 96 1442 305 1483; x_wconf 80' lang='lat' dir='ltr'>Navarre</span> <span class='ocrx_word' id='word_1_166' title='bbox 339 1444 384 1482; x_wconf 85' lang='lat' dir='ltr'>et</span> <span class='ocrx_word' id='word_1_167' title='bbox 420 1440 605 1482; x_wconf 87' lang='lat' dir='ltr'>comitis</span> <span class='ocrx_word' id='word_1_168' title='bbox 629 1440 743 1481; x_wconf 85' lang='lat' dir='ltr'>Fuxi</span> <span class='ocrx_word' id='word_1_169' title='bbox 777 1440 831 1482; x_wconf 89' lang='lat' dir='ltr'>de</span> <span class='ocrx_word' id='word_1_170' title='bbox 866 1439 1182 1480; x_wconf 88' lang='lat' dir='ltr'>subtrahendo</span> <span class='ocrx_word' id='word_1_171' title='bbox 1218 1438 1531 1479; x_wconf 78' lang='lat' dir='ltr'>obedienciam</span> <span class='ocrx_word' id='word_1_172' title='bbox 1568 1437 1610 1476; x_wconf 93' lang='lat' dir='ltr'>in</span> <span class='ocrx_word' id='word_1_173' title='bbox 1645 1447 1787 1485; x_wconf 77' lang='lat' dir='ltr'>regno</span> <span class='ocrx_word' id='word_1_174' title='bbox 1822 1436 1867 1474; x_wconf 89' lang='lat' dir='ltr'>et</span> 
     </span>
     <span class='ocr_line' id='line_1_19' title="bbox 99 1506 1870 1559; baseline -0.006 -4"><span class='ocrx_word' id='word_1_175' title='bbox 99 1513 327 1555; x_wconf 78' lang='lat' dir='ltr'>comitatu</span> <span class='ocrx_word' id='word_1_176' title='bbox 357 1513 648 1553; x_wconf 88' lang='lat' dir='ltr'>dominorum</span> <span class='ocrx_word' id='word_1_177' title='bbox 674 1523 862 1552; x_wconf 89' lang='lat' dir='ltr'>suorum</span> <span class='ocrx_word' id='word_1_178' title='bbox 899 1510 1018 1551; x_wconf 84' lang='lat' dir='ltr'>infra</span> <span class='ocrx_word' id='word_1_179' title='bbox 1053 1510 1204 1551; x_wconf 88' lang='lat' dir='ltr'>dictos</span> <span class='ocrx_word' id='word_1_180' title='bbox 1232 1509 1305 1549; x_wconf 88' lang='lat' dir='ltr'>LX</span> <span class='ocrx_word' id='word_1_181' title='bbox 1330 1509 1441 1559; x_wconf 52' lang='lat' dir='ltr'>dies³</span> <span class='ocrx_word' id='word_1_182' title='bbox 1476 1511 1523 1547; x_wconf 85' lang='lat' dir='ltr'>et</span> <span class='ocrx_word' id='word_1_183' title='bbox 1547 1509 1594 1548; x_wconf 83' lang='lat' dir='ltr'>ut</span> <span class='ocrx_word' id='word_1_184' title='bbox 1621 1506 1870 1556; x_wconf 78' lang='lat' dir='ltr'>incepcio¹¹)</span> 
     </span>
     <span class='ocr_line' id='line_1_20' title="bbox 98 1577 1874 1635; baseline -0.006 -10"><span class='ocrx_word' id='word_1_185' title='bbox 98 1584 323 1635; x_wconf 89' lang='lat' dir='ltr'>temporis</span> <span class='ocrx_word' id='word_1_186' title='bbox 357 1583 528 1625; x_wconf 89' lang='lat' dir='ltr'>noticie</span> <span class='ocrx_word' id='word_1_187' title='bbox 562 1583 879 1633; x_wconf 82' lang='lat' dir='ltr'>responsionis</span> <span class='ocrx_word' id='word_1_188' title='bbox 914 1583 1023 1622; x_wconf 83' lang='lat' dir='ltr'>dicti</span> <span class='ocrx_word' id='word_1_189' title='bbox 1058 1582 1103 1622; x_wconf 80' lang='lat' dir='ltr'>P.</span> <span class='ocrx_word' id='word_1_190' title='bbox 1140 1580 1353 1621; x_wconf 90' lang='lat' dir='ltr'>omnibus</span> <span class='ocrx_word' id='word_1_191' title='bbox 1387 1578 1593 1630; x_wconf 69' lang='lat' dir='ltr'>patetiat‚</span> <span class='ocrx_word' id='word_1_192' title='bbox 1634 1577 1874 1618; x_wconf 75' lang='lat' dir='ltr'>fatebatur</span> 
     </span>
     <span class='ocr_line' id='line_1_21' title="bbox 99 1646 1873 1716; baseline -0.006 -20"><span class='ocrx_word' id='word_1_193' title='bbox 99 1658 148 1696; x_wconf 83' lang='lat' dir='ltr'>et</span> <span class='ocrx_word' id='word_1_194' title='bbox 171 1655 349 1707; x_wconf 87' lang='lat' dir='ltr'>publice</span> <span class='ocrx_word' id='word_1_195' title='bbox 372 1655 644 1716; x_wconf 77' lang='lat' dir='ltr'>recognovit</span> <span class='ocrx_word' id='word_1_196' title='bbox 671 1657 780 1694; x_wconf 88' lang='lat' dir='ltr'>tunc</span> <span class='ocrx_word' id='word_1_197' title='bbox 805 1654 969 1694; x_wconf 88' lang='lat' dir='ltr'>ibidem</span> <span class='ocrx_word' id='word_1_198' title='bbox 1004 1654 1156 1694; x_wconf 88' lang='lat' dir='ltr'>dictus</span> <span class='ocrx_word' id='word_1_199' title='bbox 1183 1664 1264 1692; x_wconf 88' lang='lat' dir='ltr'>rex</span> <span class='ocrx_word' id='word_1_200' title='bbox 1290 1651 1575 1701; x_wconf 70' lang='lat' dir='ltr'>Aragonum,</span> <span class='ocrx_word' id='word_1_201' title='bbox 1610 1648 1728 1699; x_wconf 85' lang='lat' dir='ltr'>quod</span> <span class='ocrx_word' id='word_1_202' title='bbox 1755 1646 1873 1687; x_wconf 90' lang='lat' dir='ltr'>XIX.</span> 
     </span>
     <span class='ocr_line' id='line_1_22' title="bbox 101 1719 1875 1776; baseline -0.006 -9"><span class='ocrx_word' id='word_1_203' title='bbox 101 1727 172 1767; x_wconf 89' lang='lat' dir='ltr'>die</span> <span class='ocrx_word' id='word_1_204' title='bbox 196 1727 306 1768; x_wconf 88' lang='lat' dir='ltr'>dicti</span> <span class='ocrx_word' id='word_1_205' title='bbox 340 1739 399 1767; x_wconf 88' lang='lat' dir='ltr'>m.</span> <span class='ocrx_word' id='word_1_206' title='bbox 423 1726 693 1767; x_wconf 85' lang='lat' dir='ltr'>Decembris</span> <span class='ocrx_word' id='word_1_207' title='bbox 728 1725 814 1766; x_wconf 87' lang='lat' dir='ltr'>fuit</span> <span class='ocrx_word' id='word_1_208' title='bbox 849 1726 995 1776; x_wconf 87' lang='lat' dir='ltr'>primo</span> <span class='ocrx_word' id='word_1_209' title='bbox 1022 1727 1179 1765; x_wconf 88' lang='lat' dir='ltr'>certus</span> <span class='ocrx_word' id='word_1_210' title='bbox 1214 1726 1257 1764; x_wconf 89' lang='lat' dir='ltr'>et</span> <span class='ocrx_word' id='word_1_211' title='bbox 1285 1723 1574 1764; x_wconf 88' lang='lat' dir='ltr'>cercioratus</span> <span class='ocrx_word' id='word_1_212' title='bbox 1610 1719 1875 1770; x_wconf 80' lang='lat' dir='ltr'>plenissime</span> 
     </span>
     <span class='ocr_line' id='line_1_23' title="bbox 103 1790 1873 1848; baseline -0.006 -10"><span class='ocrx_word' id='word_1_213' title='bbox 103 1798 158 1838; x_wconf 91' lang='lat' dir='ltr'>de</span> <span class='ocrx_word' id='word_1_214' title='bbox 191 1798 496 1848; x_wconf 87' lang='lat' dir='ltr'>responsione</span> <span class='ocrx_word' id='word_1_215' title='bbox 530 1797 639 1837; x_wconf 91' lang='lat' dir='ltr'>dicti</span> <span class='ocrx_word' id='word_1_216' title='bbox 674 1797 722 1837; x_wconf 74' lang='grc' dir='ltr'>Ρ).</span> <span class='ocrx_word' id='word_1_217' title='bbox 749 1797 805 1837; x_wconf 84' lang='grc'><strong>1111</strong></span> <span class='ocrx_word' id='word_1_218' title='bbox 839 1809 970 1837; x_wconf 89' lang='lat' dir='ltr'>suam</span> <span class='ocrx_word' id='word_1_219' title='bbox 1006 1796 1262 1847; x_wconf 84' lang='lat' dir='ltr'>predictam</span> <span class='ocrx_word' id='word_1_220' title='bbox 1290 1796 1483 1835; x_wconf 82' lang='lat' dir='ltr'>terciam</span> <span class='ocrx_word' id='word_1_221' title='bbox 1520 1790 1873 1842; x_wconf 80' lang='lat' dir='ltr'>requisicioneni</span> 
     </span>
     <span class='ocr_line' id='line_1_24' title="bbox 102 1862 1875 1916; baseline -0.006 -7"><span class='ocrx_word' id='word_1_222' title='bbox 102 1868 259 1909; x_wconf 90' lang='lat' dir='ltr'>unioni</span> <span class='ocrx_word' id='word_1_223' title='bbox 304 1869 499 1909; x_wconf 87' lang='lat' dir='ltr'>ecclesie</span> <span class='ocrx_word' id='word_1_224' title='bbox 542 1868 726 1908; x_wconf 91' lang='lat' dir='ltr'>minime</span> <span class='ocrx_word' id='word_1_225' title='bbox 773 1868 1012 1908; x_wconf 55' lang='grc'><strong>(111-0011111.</strong></span> <span class='ocrx_word' id='word_1_226' title='bbox 1079 1866 1426 1916; x_wconf 65' lang='lat' dir='ltr'>subsequenter</span> <span class='ocrx_word' id='word_1_227' title='bbox 1472 1875 1582 1903; x_wconf 79' lang='lat' dir='ltr'>vero</span> <span class='ocrx_word' id='word_1_228' title='bbox 1628 1862 1747 1901; x_wconf 91' lang='lat' dir='ltr'>idem</span> <span class='ocrx_word' id='word_1_229' title='bbox 1796 1871 1875 1898; x_wconf 85' lang='lat' dir='ltr'>rex</span> 
     </span>
     <span class='ocr_line' id='line_1_25' title="bbox 103 1931 1878 1990; baseline -0.006 -11"><span class='ocrx_word' id='word_1_230' title='bbox 103 1939 372 1989; x_wconf 82' lang='lat' dir='ltr'>Aragonum</span> <span class='ocrx_word' id='word_1_231' title='bbox 407 1951 547 1990; x_wconf 88' lang='lat' dir='ltr'>super</span> <span class='ocrx_word' id='word_1_232' title='bbox 579 1939 689 1979; x_wconf 88' lang='lat' dir='ltr'>dicti</span> <span class='ocrx_word' id='word_1_233' title='bbox 724 1939 771 1978; x_wconf 76' lang='lat' dir='ltr'>R.</span> <span class='ocrx_word' id='word_1_234' title='bbox 796 1938 1157 1988; x_wconf 88' lang='lat' dir='ltr'>indisposicione</span> <span class='ocrx_word' id='word_1_235' title='bbox 1193 1937 1249 1977; x_wconf 89' lang='lat' dir='ltr'>ad</span> <span class='ocrx_word' id='word_1_236' title='bbox 1284 1948 1446 1987; x_wconf 84' lang='lat' dir='ltr'>pacem</span> <span class='ocrx_word' id='word_1_237' title='bbox 1471 1933 1666 1975; x_wconf 85' lang='lat' dir='ltr'>ecclesie</span> <span class='ocrx_word' id='word_1_238' title='bbox 1699 1931 1878 1982; x_wconf 86' lang='lat' dir='ltr'>plenius</span> 
     </span>
     <span class='ocr_line' id='line_1_26' title="bbox 103 2001 1879 2061; baseline -0.006 -11"><span class='ocrx_word' id='word_1_239' title='bbox 103 2009 384 2051; x_wconf 82' lang='lat' dir='ltr'>informatus</span> <span class='ocrx_word' id='word_1_240' title='bbox 428 2022 676 2061; x_wconf 88' lang='lat' dir='ltr'>persuum</span> <span class='ocrx_word' id='word_1_241' title='bbox 721 2010 1091 2051; x_wconf 86' lang='lat' dir='ltr'>ambaxiatorem</span> <span class='ocrx_word' id='word_1_242' title='bbox 1137 2008 1176 2048; x_wconf 94' lang='lat' dir='ltr'>d.</span> <span class='ocrx_word' id='word_1_243' title='bbox 1212 2008 1465 2058; x_wconf 81' lang='lat' dir='ltr'>Philippum</span> <span class='ocrx_word' id='word_1_244' title='bbox 1510 2004 1787 2054; x_wconf 76' lang='lat' dir='ltr'>magistrum</span> <span class='ocrx_word' id='word_1_245' title='bbox 1824 2001 1879 2040; x_wconf 86' lang='lat' dir='ltr'>de</span> 
     </span>
     <span class='ocr_line' id='line_1_27' title="bbox 104 2073 1879 2132; baseline -0.006 -12"><span class='ocrx_word' id='word_1_246' title='bbox 104 2077 439 2129; x_wconf 73' lang='lat' dir='ltr'>Barchinona1)</span> <span class='ocrx_word' id='word_1_247' title='bbox 483 2093 564 2132; x_wconf 88' lang='lat' dir='ltr'>pro</span> <span class='ocrx_word' id='word_1_248' title='bbox 609 2081 922 2122; x_wconf 78' lang='lat' dir='ltr'>abbreviando</span> <span class='ocrx_word' id='word_1_249' title='bbox 966 2080 1137 2120; x_wconf 89' lang='lat' dir='ltr'>dictum</span> <span class='ocrx_word' id='word_1_250' title='bbox 1174 2080 1358 2128; x_wconf 89' lang='lat' dir='ltr'>tempus</span> <span class='ocrx_word' id='word_1_251' title='bbox 1402 2074 1739 2117; x_wconf 76' lang='lat' dir='ltr'>subtractionis</span> <span class='ocrx_word' id='word_1_252' title='bbox 1774 2073 1879 2112; x_wconf 85' lang='lat' dir='ltr'>obe-</span> 
     </span>
     <span class='ocr_line' id='line_1_28' title="bbox 105 2145 1877 2194; baseline -0.005 -3"><span class='ocrx_word' id='word_1_253' title='bbox 105 2151 280 2192; x_wconf 91' lang='lat' dir='ltr'>diencie</span> <span class='ocrx_word' id='word_1_254' title='bbox 314 2151 473 2193; x_wconf 89' lang='lat' dir='ltr'>XXIX.</span> <span class='ocrx_word' id='word_1_255' title='bbox 509 2152 579 2193; x_wconf 88' lang='lat' dir='ltr'>die</span> <span class='ocrx_word' id='word_1_256' title='bbox 622 2165 679 2192; x_wconf 94' lang='lat' dir='ltr'>m.</span> <span class='ocrx_word' id='word_1_257' title='bbox 715 2152 984 2193; x_wconf 89' lang='lat' dir='ltr'>Decembris</span> <span class='ocrx_word' id='word_1_258' title='bbox 1019 2151 1247 2191; x_wconf 73' lang='lat' dir='ltr'>Avinione</span> <span class='ocrx_word' id='word_1_259' title='bbox 1282 2149 1596 2189; x_wconf 84' lang='lat' dir='ltr'>Romanorum</span> <span class='ocrx_word' id='word_1_260' title='bbox 1643 2156 1798 2194; x_wconf 76' lang='lat' dir='ltr'>regem</span> <span class='ocrx_word' id='word_1_261' title='bbox 1834 2145 1877 2182; x_wconf 86' lang='lat' dir='ltr'>et</span> 
     </span>
     <span class='ocr_line' id='line_1_29' title="bbox 105 2214 1880 2273; baseline -0.005 -11"><span class='ocrx_word' id='word_1_262' title='bbox 105 2222 289 2273; x_wconf 82' lang='lat' dir='ltr'>legatos</span> <span class='ocrx_word' id='word_1_263' title='bbox 323 2223 559 2273; x_wconf 86' lang='lat' dir='ltr'>predictos</span> <span class='ocrx_word' id='word_1_264' title='bbox 594 2223 904 2273; x_wconf 69' lang='lat' dir='ltr'>assecuravit,</span> <span class='ocrx_word' id='word_1_265' title='bbox 939 2222 1061 2273; x_wconf 85' lang='lat' dir='ltr'>quod</span> <span class='ocrx_word' id='word_1_266' title='bbox 1095 2222 1138 2261; x_wconf 93' lang='lat' dir='ltr'>in</span> <span class='ocrx_word' id='word_1_267' title='bbox 1173 2220 1380 2261; x_wconf 88' lang='lat' dir='ltr'>crastino</span> <span class='ocrx_word' id='word_1_268' title='bbox 1406 2217 1670 2269; x_wconf 75' lang='lat' dir='ltr'>Epipbanye</span> <span class='ocrx_word' id='word_1_269' title='bbox 1698 2214 1880 2255; x_wconf 90' lang='lat' dir='ltr'>Domini</span> 
     </span>
     <span class='ocr_line' id='line_1_30' title="bbox 107 2285 1881 2343; baseline -0.006 -11"><span class='ocrx_word' id='word_1_270' title='bbox 107 2293 318 2343; x_wconf 86' lang='lat' dir='ltr'>proximo</span> <span class='ocrx_word' id='word_1_271' title='bbox 353 2296 523 2334; x_wconf 84' lang='lat' dir='ltr'>extunc</span> <span class='ocrx_word' id='word_1_272' title='bbox 558 2293 715 2334; x_wconf 83' lang='lat' dir='ltr'>futuro</span> <span class='ocrx_word' id='word_1_273' title='bbox 751 2306 830 2334; x_wconf 91' lang='lat' dir='ltr'>rex</span> <span class='ocrx_word' id='word_1_274' title='bbox 856 2293 1124 2343; x_wconf 76' lang='lat' dir='ltr'>Aragonunl</span> <span class='ocrx_word' id='word_1_275' title='bbox 1160 2292 1331 2331; x_wconf 80' lang='lat' dir='ltr'>dictam</span> <span class='ocrx_word' id='word_1_276' title='bbox 1369 2287 1738 2329; x_wconf 86' lang='lat' dir='ltr'>subtractionem</span> <span class='ocrx_word' id='word_1_277' title='bbox 1775 2285 1881 2324; x_wconf 86' lang='lat' dir='ltr'>obe-</span> 
     </span>
     <span class='ocr_line' id='line_1_31' title="bbox 108 2354 1882 2411; baseline -0.006 -8"><span class='ocrx_word' id='word_1_278' title='bbox 108 2363 283 2404; x_wconf 90' lang='lat' dir='ltr'>diencie</span> <span class='ocrx_word' id='word_1_279' title='bbox 317 2366 483 2405; x_wconf 84' lang='lat' dir='ltr'>contra</span> <span class='ocrx_word' id='word_1_280' title='bbox 516 2364 562 2405; x_wconf 81' lang='lat' dir='ltr'>P.</span> <span class='ocrx_word' id='word_1_281' title='bbox 598 2365 735 2405; x_wconf 79' lang='lat' dir='ltr'>saciet</span> <span class='ocrx_word' id='word_1_282' title='bbox 770 2365 995 2405; x_wconf 89' lang='lat' dir='ltr'>indilate.</span> <span class='ocrx_word' id='word_1_283' title='bbox 1023 2396 1030 2404; x_wconf 90' lang='lat'><strong>.</strong></span> <span class='ocrx_word' id='word_1_284' title='bbox 1060 2360 1105 2411; x_wconf 56' lang='lat'>12)</span> <span class='ocrx_word' id='word_1_285' title='bbox 1155 2362 1381 2402; x_wconf 65' lang='lat' dir='ltr'>Avinione</span> <span class='ocrx_word' id='word_1_286' title='bbox 1407 2357 1565 2398; x_wconf 87' lang='lat' dir='ltr'>XXIX.</span> <span class='ocrx_word' id='word_1_287' title='bbox 1601 2357 1672 2396; x_wconf 88' lang='lat' dir='ltr'>die</span> <span class='ocrx_word' id='word_1_288' title='bbox 1708 2354 1882 2395; x_wconf 85' lang='lat' dir='ltr'>mensis</span> 
     </span>
     <span class='ocr_line' id='line_1_32' title="bbox 108 2430 1139 2481; baseline 0 -8"><span class='ocrx_word' id='word_1_289' title='bbox 108 2434 378 2474; x_wconf 89' lang='lat' dir='ltr'>Decembris</span> <span class='ocrx_word' id='word_1_290' title='bbox 413 2447 532 2475; x_wconf 87' lang='lat' dir='ltr'>anno</span> <span class='ocrx_word' id='word_1_291' title='bbox 567 2436 748 2476; x_wconf 91' lang='lat' dir='ltr'>Domini</span> <span class='ocrx_word' id='word_1_292' title='bbox 783 2430 1139 2481; x_wconf 64' lang='lat' dir='ltr'>M‹‘*s¹(*‹*xvl.²³›</span> 
     </span>
    </p>

    <p class='ocr_par' dir='ltr' id='par_1_4' title="bbox 113 2495 1885 2766">
     <span class='ocr_line' id='line_1_33' title="bbox 230 2495 1884 2555; baseline -0.006 -11"><span class='ocrx_word' id='word_1_293' title='bbox 230 2503 577 2555; x_wconf 85' lang='lat' dir='ltr'>Subsequenter</span> <span class='ocrx_word' id='word_1_294' title='bbox 610 2518 720 2547; x_wconf 79' lang='lat' dir='ltr'>vero</span> <span class='ocrx_word' id='word_1_295' title='bbox 755 2506 827 2545; x_wconf 87' lang='lat' dir='ltr'>die</span> <span class='ocrx_word' id='word_1_296' title='bbox 863 2505 932 2545; x_wconf 75' lang='lat' dir='ltr'>VI.</span> <span class='ocrx_word' id='word_1_297' title='bbox 964 2504 1173 2545; x_wconf 59' lang='lat' dir='ltr'>danum-ii</span> <span class='ocrx_word' id='word_1_298' title='bbox 1215 2501 1425 2553; x_wconf 90' lang='lat' dir='ltr'>proximo</span> <span class='ocrx_word' id='word_1_299' title='bbox 1460 2502 1630 2539; x_wconf 80' lang='lat' dir='ltr'>extunc</span> <span class='ocrx_word' id='word_1_300' title='bbox 1672 2495 1884 2547; x_wconf 85' lang='lat' dir='ltr'>sequenti</span> 
     </span>
     <span class='ocr_line' id='line_1_34' title="bbox 113 2567 1885 2617; baseline -0.005 -4"><span class='ocrx_word' id='word_1_301' title='bbox 113 2573 153 2613; x_wconf 92' lang='lat' dir='ltr'>d.</span> <span class='ocrx_word' id='word_1_302' title='bbox 187 2574 228 2614; x_wconf 90' lang='lat' dir='ltr'>d.</span> <span class='ocrx_word' id='word_1_303' title='bbox 263 2574 580 2616; x_wconf 78' lang='lat' dir='ltr'>Ferdinandus</span> <span class='ocrx_word' id='word_1_304' title='bbox 617 2608 624 2616; x_wconf 93' lang='lat'>.</span> <span class='ocrx_word' id='word_1_305' title='bbox 661 2608 667 2616; x_wconf 91' lang='lat'><strong>.</strong></span> <span class='ocrx_word' id='word_1_306' title='bbox 704 2609 711 2616; x_wconf 91' lang='lat'>.</span> <span class='ocrx_word' id='word_1_307' title='bbox 747 2576 1062 2617; x_wconf 85' lang='lat' dir='ltr'>obedienciam</span> <span class='ocrx_word' id='word_1_308' title='bbox 1109 2574 1151 2613; x_wconf 83' lang='grc' dir='ltr'>Ρ.</span> <span class='ocrx_word' id='word_1_309' title='bbox 1186 2574 1240 2613; x_wconf 87' lang='lat' dir='ltr'>de</span> <span class='ocrx_word' id='word_1_310' title='bbox 1277 2573 1403 2612; x_wconf 88' lang='lat' dir='ltr'>Luna</span> <span class='ocrx_word' id='word_1_311' title='bbox 1437 2602 1444 2610; x_wconf 91' lang='lat'><strong>.</strong></span> <span class='ocrx_word' id='word_1_312' title='bbox 1481 2602 1488 2610; x_wconf 93' lang='lat'><strong>.</strong></span> <span class='ocrx_word' id='word_1_313' title='bbox 1525 2601 1532 2609; x_wconf 90' lang='lat'><strong><em>.</em></strong></span> <span class='ocrx_word' id='word_1_314' title='bbox 1567 2567 1885 2617; x_wconf 90' lang='lat' dir='ltr'>sollempniter</span> 
     </span>
     <span class='ocr_line' id='line_1_35' title="bbox 113 2639 1884 2697; baseline -0.005 -14"><span class='ocrx_word' id='word_1_315' title='bbox 113 2644 362 2695; x_wconf 72' lang='lat' dir='ltr'>subtraxit,</span> <span class='ocrx_word' id='word_1_316' title='bbox 397 2677 405 2685; x_wconf 87' lang='lat'><strong>.</strong></span> <span class='ocrx_word' id='word_1_317' title='bbox 441 2678 448 2685; x_wconf 95' lang='lat'>.</span> <span class='ocrx_word' id='word_1_318' title='bbox 485 2678 492 2685; x_wconf 94' lang='lat'>.</span> <span class='ocrx_word' id='word_1_319' title='bbox 527 2649 662 2697; x_wconf 89' lang='lat' dir='ltr'>prout</span> <span class='ocrx_word' id='word_1_320' title='bbox 689 2647 729 2687; x_wconf 91' lang='grc'>111</span> <span class='ocrx_word' id='word_1_321' title='bbox 756 2647 914 2686; x_wconf 85' lang='lat' dir='ltr'>littera</span> <span class='ocrx_word' id='word_1_322' title='bbox 938 2644 1275 2686; x_wconf 88' lang='lat' dir='ltr'>subtractionis</span> <span class='ocrx_word' id='word_1_323' title='bbox 1309 2642 1419 2682; x_wconf 82' lang='lat' dir='ltr'>dicti</span> <span class='ocrx_word' id='word_1_324' title='bbox 1453 2641 1575 2690; x_wconf 79' lang='lat' dir='ltr'>regis</span> <span class='ocrx_word' id='word_1_325' title='bbox 1602 2639 1884 2688; x_wconf 62' lang='lat' dir='ltr'>Aragonum„</span> 
     </span>
     <span class='ocr_line' id='line_1_36' title="bbox 113 2708 1552 2766; baseline -0.003 -12"><span class='ocrx_word' id='word_1_326' title='bbox 113 2726 199 2764; x_wconf 88' lang='lat' dir='ltr'>que</span> <span class='ocrx_word' id='word_1_327' title='bbox 234 2715 411 2766; x_wconf 88' lang='lat' dir='ltr'>incipit:</span> <span class='ocrx_word' id='word_1_328' title='bbox 446 2716 540 2756; x_wconf 80' lang='lat' dir='ltr'>Nos</span> <span class='ocrx_word' id='word_1_329' title='bbox 576 2717 893 2757; x_wconf 80' lang='lat' dir='ltr'>Ferdinandus</span> <span class='ocrx_word' id='word_1_330' title='bbox 927 2718 1015 2756; x_wconf 87' lang='lat' dir='ltr'>etc.</span> <span class='ocrx_word' id='word_1_331' title='bbox 1051 2715 1195 2756; x_wconf 88' lang='lat' dir='ltr'>lacius</span> <span class='ocrx_word' id='word_1_332' title='bbox 1231 2708 1552 2759; x_wconf 48' lang='lat' dir='ltr'>contineam-st)</span> 
     </span>
    </p>
   </div>
   <div class='ocr_carea' id='block_1_3' title="bbox 232 2854 595 2889">
    <p class='ocr_par' dir='ltr' id='par_1_5' title="bbox 232 2854 595 2889">
     <span class='ocr_line' id='line_1_37' title="bbox 232 2854 595 2889; baseline 0.011 -11"><span class='ocrx_word' id='word_1_333' title='bbox 232 2854 264 2886; x_wconf 85' lang='lat' dir='ltr'>a)</span> <span class='ocrx_word' id='word_1_334' title='bbox 288 2854 336 2880; x_wconf 77' lang='lat' dir='ltr'>Hs</span> <span class='ocrx_word' id='word_1_335' title='bbox 357 2854 595 2889; x_wconf 76' lang='lat' dir='ltr'>incepcioncm.</span> 
     </span>
    </p>
   </div>
   <div class='ocr_carea' id='block_1_4' title="bbox 234 2910 1613 3140">
    <p class='ocr_par' dir='ltr' id='par_1_6' title="bbox 234 2910 1613 3020">
     <span class='ocr_line' id='line_1_38' title="bbox 238 2910 1613 2959; baseline -0.007 -11"><span class='ocrx_word' id='word_1_336' title='bbox 238 2913 261 2955; x_wconf 85' lang='lat'>¹)</span> <span class='ocrx_word' id='word_1_337' title='bbox 287 2914 418 2958; x_wconf 72' lang='lat' dir='ltr'>Felipe</span> <span class='ocrx_word' id='word_1_338' title='bbox 445 2918 491 2951; x_wconf 76' lang='lat' dir='ltr'>(Ic</span> <span class='ocrx_word' id='word_1_339' title='bbox 517 2918 652 2951; x_wconf 72' lang='lat' dir='ltr'>Malla.</span> <span class='ocrx_word' id='word_1_340' title='bbox 710 2917 788 2959; x_wconf 70' lang='lat' dir='ltr'>Vssl.</span> <span class='ocrx_word' id='word_1_341' title='bbox 816 2917 944 2950; x_wconf 70' lang='lat' dir='ltr'>seimon</span> <span class='ocrx_word' id='word_1_342' title='bbox 976 2914 1127 2948; x_wconf 67' lang='lat' dir='ltr'>Rericlet</span> <span class='ocrx_word' id='word_1_343' title='bbox 1154 2924 1236 2946; x_wconf 71' lang='lat' dir='ltr'>rom</span> <span class='ocrx_word' id='word_1_344' title='bbox 1271 2913 1297 2944; x_wconf 87' lang='grc'>1.</span> <span class='ocrx_word' id='word_1_345' title='bbox 1325 2912 1486 2944; x_wconf 66' lang='lat' dir='ltr'>,fruemur</span> <span class='ocrx_word' id='word_1_346' title='bbox 1514 2910 1613 2941; x_wconf 30' lang='lat'><em>1416&gt;</em></span> 
     </span>
     <span class='ocr_line' id='line_1_39' title="bbox 234 2970 1322 3020; baseline -0.004 -14"><span class='ocrx_word' id='word_1_347' title='bbox 234 2970 261 3013; x_wconf 65' lang='lat'>2)</span> <span class='ocrx_word' id='word_1_348' title='bbox 286 2973 397 3016; x_wconf 68' lang='lat' dir='ltr'>Folqt</span> <span class='ocrx_word' id='word_1_349' title='bbox 423 2976 724 3020; x_wconf 70' lang='lat' dir='ltr'>Anffurdermtq</span> <span class='ocrx_word' id='word_1_350' title='bbox 748 2987 833 3009; x_wconf 71' lang='lat' dir='ltr'>:um</span> <span class='ocrx_word' id='word_1_351' title='bbox 866 2975 971 3009; x_wconf 69' lang='lat' dir='ltr'>G&#39;cbci</span> <span class='ocrx_word' id='word_1_352' title='bbox 997 2974 1066 3016; x_wconf 72' lang='lat' dir='ltr'>fiir</span> <span class='ocrx_word' id='word_1_353' title='bbox 1093 2973 1155 3006; x_wconf 70' lang='lat' dir='ltr'>«He</span> <span class='ocrx_word' id='word_1_354' title='bbox 1188 2973 1322 3005; x_wconf 52' lang='lat' dir='ltr'>lucion.</span> 
     </span>
    </p>

    <p class='ocr_par' dir='ltr' id='par_1_7' title="bbox 234 3029 612 3070">
     <span class='ocr_line' id='line_1_40' title="bbox 234 3029 612 3070; baseline 0.005 -4"><span class='ocrx_word' id='word_1_355' title='bbox 234 3029 261 3058; x_wconf 79' lang='lat'>³)</span> <span class='ocrx_word' id='word_1_356' title='bbox 292 3032 612 3070; x_wconf 55' lang='lat' dir='ltr'>IVeilmaehtsstit</span> 
     </span>
    </p>

    <p class='ocr_par' dir='ltr' id='par_1_8' title="bbox 236 3092 1149 3140">
     <span class='ocr_line' id='line_1_41' title="bbox 236 3092 1149 3140; baseline -0.007 -10"><span class='ocrx_word' id='word_1_357' title='bbox 236 3094 263 3126; x_wconf 66' lang='lat'>⁴)</span> <span class='ocrx_word' id='word_1_358' title='bbox 291 3097 423 3130; x_wconf 59' lang='lat' dir='ltr'>Hui-dt</span> <span class='ocrx_word' id='word_1_359' title='bbox 452 3098 494 3130; x_wconf 87' lang='lat' dir='ltr'>II</span> <span class='ocrx_word' id='word_1_360' title='bbox 517 3098 586 3129; x_wconf 72' lang='lat'>554</span> <span class='ocrx_word' id='word_1_361' title='bbox 603 3099 662 3140; x_wconf 63' lang='grc' dir='ltr'><strong><em>ῘΪ..·</em></strong></span> <span class='ocrx_word' id='word_1_362' title='bbox 689 3097 820 3129; x_wconf 64' lang='lat' dir='ltr'>Mum—i</span> <span class='ocrx_word' id='word_1_363' title='bbox 850 3094 1000 3128; x_wconf 65' lang='lat' dir='ltr'>XXVII</span> <span class='ocrx_word' id='word_1_364' title='bbox 1025 3094 1095 3126; x_wconf 68' lang='lat'>824</span> <span class='ocrx_word' id='word_1_365' title='bbox 1113 3092 1149 3133; x_wconf 72' lang='lat' dir='ltr'><strong><em>ff</em></strong></span> 
     </span>
    </p>
   </div>
  </div>
 </body>
</html>
