2178 3404
301 148 388 188 360
696 155 738 189 ΙΙ.
776 153 992 188 Absclmitt.
1045 153 1192 194 Ότι-91101·
1217 153 1296 186 XII.
1326 153 1403 186 und
1431 153 1502 186 das
1528 152 1676 186 Konzil.

302 265 477 306 fiendis.
545 265 656 304 Item
692 263 897 304 secunda
931 262 973 302 in
1008 263 1138 313 duas,
1174 262 1280 312 quia
1320 262 1466 312 primo
1501 262 1683 313 statuit,
1726 262 1929 304 secundo
1964 274 2071 303 con-

304 336 447 376 traria
482 334 629 375 voluit
662 346 753 374 non
787 333 995 374 obstare:
1041 333 1357 373 &acrosancta
1401 332 1615 383 Synodus
1658 333 1812 374 omnia
1855 332 1984 373 facta
2027 335 2072 373 ot

302 405 454 447 fienda
499 407 586 446 etc.
633 416 779 455 usque
829 404 885 444 ad
934 403 1054 443 diem
1099 403 1270 444 noticie
1319 403 1710 445 renunctiacionis
1756 415 1836 453 per
1881 403 1986 444 olim
2033 404 2072 444 d.

303 476 575 526 Gregorium
611 475 854 525 approbat,
890 476 1121 524 statuens,
1156 473 1277 524 quod
1305 485 1361 514 ex
1397 485 1540 514 causa
1567 474 1805 515 scismatis
1840 478 2073 525 nequeant

302 546 574 597 impugnari.
659 544 883 586 Omnia
941 546 1001 585 et
1058 545 1206 595 sing
1224 545 1328 585 ula
1349 540 1403 591 ¹):
1460 545 1857 596 comprehendunt
1910 545 2075 596 princi-

302 617 469 667 paliter
500 619 548 657 et
580 615 847 657 immediate
881 615 1127 656 universos
1167 617 1211 655 et
1248 615 1455 666 singulos
1490 646 1497 655 .
1535 646 1542 655 .
1579 647 1586 654 .
1651 616 1710 656 ln
1752 616 1910 657 reali
1946 616 2074 656 obe-

302 687 575 728 diencia:
610 687 715 728 licet
751 687 938 728 racione
971 686 1036 727 rei
1071 686 1226 727 omnia
1260 686 1716 736 comprehendantur
1754 689 1943 738 propter
1976 687 2074 727 eius

301 758 660 809 generalitatem
698 791 705 798 .
742 790 750 798 .
787 790 793 797 .

421 828 801 880 Apostolica
847 829 1274 870 auctoritate:
1321 839 1412 869 non
1458 827 1753 870 ratificantur
1790 840 1875 870 nec
1909 841 2074 880 appro-

304 900 473 940 bantur
506 912 574 949 ea,
620 912 706 951 que
740 902 791 940 ut
826 899 1030 950 Angelus
1066 898 1257 940 (f'orario
1296 899 1502 951 fecisset,
1547 901 1655 940 ante
1698 900 2072 950 assumpcionem

302 970 449 1011 eciam
485 971 542 1011 ad
572 972 796 1021 papatum
944 970 1255 1012 (¹anonice
1289 970 1385 1010 vel
1419 969 1944 1011 racionabiliter:
1980 970 2074 1011 suf-

302 1040 397 1081 ficit
429 1052 555 1091 ergo,
600 1041 637 1081 si
672 1044 855 1082 tantum
892 1041 1112 1082 canonice
1152 1041 1221 1082 vel
1264 1040 1610 1082 racionabiliter
1651 1042 1841 1092 propter
1875 1041 2075 1082 alterna-

303 1111 448 1152 tivam
485 1143 491 1150 .
529 1143 536 1151 .
573 1143 580 1151 .
616 1110 829 1163 Gesta,
869 1111 1045 1153 fracta
1078 1113 1126 1152 et
1159 1114 1336 1153 cetera:
1372 1113 1579 1163 apparet,
1613 1111 1735 1162 quod
1769 1123 1824 1152 ex
1860 1124 1949 1163 quo
1983 1112 2075 1153 ista

303 1183 413 1223 sunt
436 1182 680 1233 participia
704 1183 914 1233 preteriti
938 1183 1179 1234 temporiS,
1214 1183 1335 1233 quod
1369 1182 1557 1235 sufficit,
1593 1183 1715 1234 quod
1737 1183 1953 1224 habuerit
1975 1196 2076 1224 rea-

303 1253 391 1294 lem
427 1253 743 1295 obedienciam
778 1256 988 1305 tempore
1022 1253 1243 1295 factionis
1274 1256 1319 1294 et
1354 1254 1597 1305 gestionis,
1637 1254 1745 1295 licet
1777 1254 2076 1304 postmodum

303 1324 494 1365 desierit
536 1356 544 1364 .
589 1357 595 1364 .
634 1357 641 1364 .
684 1325 783 1365 Dici
823 1327 994 1375 potest,
1044 1324 1165 1375 quod
1211 1325 1463 1375 capitulum
1507 1336 1707 1376 sequens
1751 1325 2075 1376 precedentem

303 1398 508 1450 exponat
543 1428 550 1436 .
587 1428 594 1436 .
631 1428 638 1436 .
674 1396 789 1437 Nam
825 1396 1041 1447 quoniam
1085 1397 1195 1436 sunt
1228 1395 1360 1446 plura
1394 1396 1612 1447 capitula,
1647 1407 1787 1437 unum
1823 1396 2073 1447 capitulum

303 1478 383 1517 per
407 1467 544 1507 alium
569 1466 850 1519 declaratur,
877 1499 883 1507 .
910 1499 917 1507 .
945 1499 951 1506 .
978 1479 1081 1508 cum
1105 1467 1323 1517 expediat
1345 1467 1447 1508 iura
1468 1466 1644 1508 iuribus
1669 1467 1968 1519 concordare,
1998 1498 2006 1507 .
2033 1499 2039 1506 .
2067 1499 2074 1507 .

303 1538 368 1578 ita
412 1538 534 1589 quod
577 1538 830 1589 capitulum
877 1538 1197 1588 supradictum
1241 1540 1467 1589 quantum
1510 1538 1568 1579 ad
1610 1538 1727 1589 illos,
1771 1539 1845 1589 qui
1888 1538 2072 1580 fuerunt

304 1608 359 1649 de
393 1608 660 1650 obediencia
694 1610 800 1651 olim
833 1609 1075 1660 johannis,
1110 1609 1295 1650 titulum
1329 1620 1420 1651 non
1454 1609 1645 1661 tribuat,
1682 1609 1720 1650 si
1756 1610 1887 1651 alteri
1923 1622 2003 1661 per
2035 1611 2075 1651 d.

305 1680 411 1720 olim
447 1679 719 1731 Gregorium
754 1681 798 1721 in
842 1693 928 1722 sua
962 1681 1231 1722 obediencia
1265 1680 1537 1722 beneficium
1572 1681 1644 1721 vel
1687 1680 1889 1722 officium
1924 1693 2076 1732 reper-

306 1753 403 1791 tum
443 1751 654 1792 extiterit
689 1784 696 1792 .
733 1784 740 1792 .
777 1784 783 1791 .
820 1752 1062 1803 Excipi:
1105 1752 1283 1793 Nedum
1325 1751 1596 1803 infringens,
1641 1752 1723 1793 sed
1765 1752 1912 1794 eciam
1955 1753 2076 1794 exci-

304 1822 433 1872 piens
467 1824 515 1863 et
547 1822 591 1863 in
626 1823 811 1864 dubium
847 1835 1078 1864 revocans
1112 1823 1240 1864 facta
1275 1823 1379 1864 olim
1417 1823 1458 1863 d.
1494 1822 1703 1874 Gregorii
1736 1835 1791 1864 ex
1827 1835 1972 1864 causa
2004 1824 2074 1864 vel

304 1893 550 1934 occasione
585 1894 825 1935 scismatis
860 1895 1124 1945 puniuntur.
1184 1894 1295 1935 Cum
1331 1906 1442 1945 ergo
1477 1895 1687 1944 recepcio
1722 1896 1770 1935 et
1803 1895 2076 1946 surrogacio

304 1963 347 2004 in
383 1963 575 2005 aliorum
601 1976 683 2015 per
715 1965 910 2006 eundem
947 1965 1054 2006 olim
1089 1966 1129 2005 d.
1155 1966 1427 2017 Gregorium
1461 1966 1752 2016 privatorum
1780 1965 1893 2007 locis
1928 1966 1990 2007 sit
2022 1966 2077 2007 de

305 2034 444 2075 factis
479 2037 525 2075 et
558 2036 705 2086 gestis
748 2036 792 2076 in
834 2036 945 2076 reali
989 2037 1135 2087 ipsius
1179 2036 1446 2077 obediencia
1489 2036 1749 2087 apostolica
1792 2037 2076 2078 auctoritate

306 2105 420 2146 alias
456 2106 678 2147 canonice
721 2107 791 2147 vel
827 2107 1175 2148 racionabiliter
1216 2119 1297 2158 per
1338 2119 1524 2148 sacrum
1569 2108 1811 2149 concilium
1856 2120 1911 2149 ex
1947 2111 2077 2149 certa

305 2177 507 2217 sciencia
541 2173 824 2230 [ratificataL
859 2178 902 2218 in
928 2179 1214 2219 contrarium
1246 2177 1524 2219 facientibus
1548 2190 1639 2219 non
1665 2178 1964 2220 obstantibus
1999 2192 2075 2230 ap-

306 2248 572 2299 proba.tis,²¹)
604 2249 827 2299 sequitur,
874 2249 995 2299 quod
1037 2251 1142 2289 rata
1184 2251 1232 2289 et
1272 2248 1406 2289 firma
1448 2261 1636 2290 manere
1679 2249 1880 2291 debeant
1920 2262 2005 2291 nec
2051 2263 2077 2291 a

305 2331 537 2370 quoquam
572 2319 670 2360 sine
703 2332 821 2371 pena
857 2320 1045 2361 valeant
1077 2320 1351 2371 impugnari.

424 2389 520 2431 Hoc
544 2391 739 2431 tercium
772 2387 1078 2443 capitulum,²)
1110 2393 1159 2432 ut
1184 2392 1229 2431 in
1254 2392 1402 2442 prima
1426 2394 1558 2442 parte
1584 2392 1716 2442 primi
1741 2392 1926 2443 capituli
1953 2393 2076 2434 dixe-

306 2472 420 2509 ram,
454 2473 545 2502 non
573 2462 844 2503 vendicaret
878 2462 963 2502 sibi
996 2462 1163 2513 locum,
1198 2463 1236 2503 si
1270 2474 1351 2513 per
1383 2463 1533 2513 ipsam
1568 2462 1761 2513 primam
1797 2465 1978 2514 partem
2012 2464 2076 2503 in-

305 2531 619 2582 telligeremus
664 2533 876 2583 privatos
920 2533 976 2574 ad
1016 2533 1238 2574 beneficia
1273 2546 1326 2575 ac
1369 2533 1523 2575 officia
1565 2534 1763 2584 pristina
1805 2534 2076 2583 restitutos3

306 2614 461 2651 quare,
507 2604 558 2643 ut
593 2603 741 2644 locum
786 2604 958 2644 habeat
992 2604 1252 2645 intencione
1296 2606 1502 2657 captata,
1542 2604 1746 2656 positum
1789 2604 1877 2646 hoc
1919 2604 2077 2645 extitit

307 2673 574 2724 capitulum,
618 2676 669 2714 ut
711 2674 958 2715 obiectioni
993 2675 1137 2716 tacite
1180 2675 1498 2726 responderet.
1571 2675 1913 2717 Habilitaverat
1954 2675 2075 2716 enim

306 2743 480 2785 dictum
505 2745 702 2795 primum
728 2745 978 2796 capitulum
1004 2746 1062 2787 ad
1086 2748 1258 2797 status,
1293 2746 1547 2797 dignitates
1578 2748 1625 2787 et
1649 2745 1816 2799 officia,
1850 2758 1936 2798 que
1961 2746 2075 2787 alias

424 2882 455 2913 11)
476 2880 518 2908 So
538 2882 570 2908 11
573 2890 596 2907 s.

428 2942 451 2985 ¹)
478 2943 531 2976 Es
564 2942 659 2987 folgst}
698 2953 781 2976 nnus
817 2944 900 2977 ce'nc
935 2944 1204 2986 ‹tzisfe‘ihrliclec
1230 2945 1580 2987 Komnecnticrnny
1616 2945 1684 2978 neit
1719 2946 1825 2978 civem·
1851 2944 1966 2978 Heilzc
2003 2955 2075 2977 cons

309 3001 558 3044 Belcystellen.

425 3060 452 3102 ²)
478 3061 616 3096 ΒΘΑ-νοΐ
642 3061 749 3104 ,Item
776 3073 805 3095 s.
833 3062 1005 3104 synodus
1033 3064 1222 3096 reservat·
1252 3089 1257 3095 .
1287 3089 1292 3095 .
1323 3089 1328 3095 .
1379 3062 1530 3104 (Hm-<lt
1555 3063 1615 3097 IV
1637 3063 1732 3105 377.)
