2178 3404
293 149 379 190 46?
656 158 714 191 ΙΙΙ,
744 157 961 191 Abschnitt.
1013 157 1206 190 Benedikt
1233 156 1332 190 XIII.
1360 156 1439 190 und
1465 157 1535 190 das
1563 156 1712 190 Konzil.

294 269 449 319 matis,
484 268 564 308 sed
599 268 745 308 eciam
780 267 824 307 in
850 267 1078 317 aliquibus
1109 266 1411 317 tangentibus
1445 265 1581 306 fidem
1612 266 1815 306 maiores
1850 278 1962 306 suos
1997 277 2067 306 se-

293 340 472 390 quendo
507 341 795 379 excusantur
828 338 885 378 ab
919 337 1073 378 heresi
1114 338 1359 378 credentes
1395 349 1444 377 se
1478 339 1637 377 tenere
1679 349 1781 377 cum
1816 336 2067 376 universali

292 410 505 459 ecclesian
549 413 596 450 ut
642 411 713 449 est
766 408 871 449 alibi
914 408 1183 458 plenissime
1233 408 1501 459 allegatum,
1551 407 1803 448 secundum
1851 409 2067 447 sanctum

292 481 517 521 Thomam
553 483 599 520 et
633 480 750 520 alios
784 479 1029 529 theologos
1064 482 1108 519 et
1142 479 1349 530 iuristas„
1383 481 1431 519 et
1463 479 1568 519 istis
1603 478 1818 529 personis
1853 477 2069 527 simplici-

290 553 376 593 bus
411 552 689 592 comittatur
721 553 937 601 potestas
972 550 1028 591 ab
1063 553 1270 601 utraque.
1296 554 1427 601 parte
1461 552 1565 601 etc.7
1606 562 1691 600 que
1726 561 1817 589 non
1853 548 2070 588 videntur

291 635 426 673 egere
461 622 613 672 aliqua
648 621 958 670 abiut-acione„
995 633 1096 661 cum
1126 621 1169 660 in
1207 621 1268 661 rei
1298 621 1496 661 veritate
1530 632 1620 660 non
1656 622 1761 659 sunt
1799 619 2068 659 scismatice

290 706 373 734 nec
411 694 530 734 tales
564 704 645 743 per
678 703 930 742 processus
966 692 1255 742 apostolicos
1287 692 1598 741 declarantur,
1637 691 1717 730 sed
1753 691 1809 730 ad
1845 690 2066 730 maiorem

292 765 522 806 cautelam
560 763 880 810 abilitenturffi

411 835 618 886 Septima
646 834 838 885 pratica,
874 834 992 884 quod
1021 833 1076 874 ab
1112 836 1308 884 utraque
1343 835 1476 884 parte
1505 833 1697 872 daretur
1720 834 1935 882 potestas
1972 843 2068 871 cer-

290 908 351 947 tis
389 906 614 957 personis7
659 916 745 955 que
780 905 871 944 sint
907 904 951 944 in
986 916 1158 951 magna
1199 904 1500 954 reputacione
1534 903 1738 952 virtutis,
1782 904 1822 942 et
1862 902 1947 952 ille,
1983 914 2069 953 que

291 980 400 1018 sunt
434 977 696 1027 deputande
739 988 765 1016 a
801 976 1170 1026 congregacione
1214 975 1510 1019 t'onstancie„
1554 973 1796 1014 fateantur
1839 986 1888 1013 se
1933 973 2069 1013 adhe-

292 1050 412 1089 sisse
436 1048 659 1097 Gregorio
685 1048 755 1087 vel
778 1047 993 1088 solmam.
1020 1047 1263 1086 credelitt‘1s
1287 1057 1369 1086 eos
1394 1057 1500 1085 esse
1531 1057 1670 1085 veros
1695 1044 1934 1084 Romanos
1962 1056 2069 1094 pon-

291 1119 455 1167 tifices,
487 1122 529 1159 et
559 1121 715 1158 tamen
741 1118 862 1168 quod
887 1118 1043 1158 dolent
1070 1117 1349 1159 cordialiter,
1385 1116 1504 1167 quod
1535 1116 1673 1160 illaun
1699 1116 1755 1155 ad
1781 1127 1917 1166 quam
1943 1117 2070 1154 tene-

292 1191 475 1231 bantur.
510 1189 799 1237 diligenciam
826 1201 917 1228 non
943 1188 1168 1234 fecerunt,
1206 1191 1248 1227 ut
1286 1188 1457 1227 scirent
1493 1188 1532 1226 in
1560 1199 1670 1227 casu
1698 1186 1930 1237 presentis
1956 1186 2069 1225 scis-

291 1261 433 1302 matis
470 1261 732 1301 veritatem.
767 1262 811 1300 et
848 1260 969 1310 quod
1003 1260 1154 1309 parati
1190 1262 1297 1299 sunt
1332 1258 1451 1298 infra
1489 1261 1647 1298 certos
1681 1258 1779 1298 dies
1814 1258 1929 1298 totis
1965 1257 2069 1297 viri-

292 1332 377 1373 bus
413 1332 626 1372 laborare
662 1344 742 1381 pro
778 1331 980 1371 veritate
1015 1331 1218 1379 scienda,
1252 1333 1299 1370 et
1334 1330 1455 1380 quod
1490 1330 1706 1379 dignetur
1740 1329 1955 1369 dominus
1989 1340 2069 1368 no-

292 1407 391 1443 ster
424 1402 647 1443 mandare
691 1402 933 1452 aliquibus
977 1402 1099 1452 quod
1141 1414 1223 1441 eos
1258 1401 1312 1440 (le
1347 1401 1547 1441 veritate
1591 1399 1857 1450 informent7
1902 1399 2068 1449 corrigi

292 1486 342 1514 se
377 1473 649 1514 affirmantes
691 1474 899 1523 paratos„
940 1484 1042 1513 cum
1079 1472 1201 1512 illam
1243 1471 1524 1515 invenerint:
1566 1471 1884 1521 supplicantes
1924 1470 2069 1510 humi-

293 1546 409 1589 liter,
453 1544 589 1595 quod,
634 1544 670 1583 si
716 1545 906 1593 propter
949 1543 1266 1593 ignoranciam
1313 1553 1445 1582 suam
1491 1542 1577 1592 ipsi
1611 1541 1653 1581 in
1694 1542 1867 1582 scisma
1901 1541 2070 1582 incide-

291 1617 397 1667 rint7
435 1615 781 1656 absolucionem
818 1614 902 1654 sibi
938 1614 1155 1664 dignetur
1189 1613 1444 1653 concedere
1479 1612 1535 1653 ad
1571 1613 1819 1663 cautelam,
1862 1615 1910 1652 et
1943 1612 2070 1652 habi-

292 1688 534 1728 litaciones
569 1680 695 1733 etc.¹')
718 1685 775 1726 ad
807 1685 958 1731 tinem,
994 1685 1113 1736 quod
1138 1684 1325 1725 liberius
1360 1685 1403 1723 et
1440 1683 1650 1723 securius
1685 1695 1787 1723 cum
1820 1682 2070 1723 destinatis

291 1768 317 1800 a
350 1761 515 1799 nostra
552 1759 683 1808 parte
726 1757 997 1797 necessaria
1036 1756 1191 1795 unioni
1235 1758 1399 1796 sancte
1444 1755 1610 1794 matris
1653 1754 1847 1795 ecclesie
1883 1754 2064 1794 valeant

291 1831 583 1880 pertractare
618 1830 665 1867 et
707 1827 827 1878 quod
862 1827 1057 1867 similem
1095 1827 1371 1876 peticionem
1412 1825 1562 1865 nostri
1599 1825 1789 1865 saciant.
1834 1825 2069 1875 predictas

291 1900 616 1941 absoluciones
661 1901 701 1938 et
750 1897 1105 1938 habilitaciones
1140 1899 1356 1947 petentes
1391 1909 1443 1936 ac
1479 1896 1579 1945 illis,
1624 1896 1697 1946 qui
1734 1896 1865 1936 iuxta
1907 1907 2066 1936 eorum

289 1971 425 2011 fidem
469 1970 639 2010 habent
678 1969 732 2009 ad
776 1969 862 2009 hoc
907 1968 1160 2019 plenariam
1206 1969 1510 2018 potestatem„
1554 1966 1718 2017 quibus
1763 1967 1828 2007 sic
1874 1967 2069 2017 petenti-

290 2042 374 2082 bus
409 2044 453 2081 et
499 2040 833 2090 negligenciam
881 2051 1012 2080 suam
1059 2039 1325 2090 specialiter
1360 2037 1708 2078 detestantibus
1742 2040 1789 2077 et
1824 2040 2065 2088 peccatum

290 2112 530 2152 scismatis
556 2110 881 2161 ignorantibus
914 2111 1195 2160 generaliter
1222 2110 1404 2150 videtur
1439 2109 1755 2149 absolucionis
1784 2111 1826 2148 et
1855 2108 2069 2149 habilita-

289 2184 435 2224 cionis
482 2182 751 2222 beneficium
803 2181 1164 2230 concedemlum,
1211 2181 1356 2221 eciam
1407 2183 1657 2230 antequam
1703 2180 1976 2230 perveniant
2013 2180 2069 2220 ad

286 2254 507 2294 noticiam
547 2253 776 2303 veritatis,
813 2254 974 2303 utpote
1011 2264 1090 2302 per
1125 2252 1278 2292 cordis
1313 2251 1649 2291 contricionem
1684 2252 1732 2290 et
1767 2263 1924 2291 veram
1962 2262 2068 2291 con-

288 2325 539 2365 fessionem
578 2325 666 2364 iam
694 2338 716 2364 a
755 2324 887 2374 culpa
917 2324 1156 2363 scismatis
1191 2322 1436 2368 absolutis,
1473 2324 1523 2362 ut
1557 2321 1662 2362 alibi
1686 2324 1943 2362 tractatum
1980 2324 2067 2362 est.

290 2397 369 2436 lsti
404 2396 546 2444 igitur
581 2396 668 2435 iam
707 2406 906 2445 capaces
942 2396 989 2434 et
1023 2396 1311 2444 potestatem
1350 2407 1375 2433 a
1411 2405 1521 2433 vero
1557 2393 1755 2432 ecclesia
1789 2393 2067 2443 recipientes

287 2471 413 2508 recte
451 2470 645 2517 possunt
685 2478 850 2516 papam
886 2465 1069 2516 eligere,
1113 2465 1327 2515 quamvis
1362 2476 1452 2504 non
1489 2462 1759 2513 specificent
1793 2464 1878 2514 ipsi
1912 2464 1955 2503 in
1990 2463 2067 2503 eli-

286 2538 450 2589 gendo,
484 2541 529 2578 et
566 2537 805 2587 eligendus
848 2537 890 2575 in
928 2536 1268 2576 cousenciendo
1304 2536 1443 2575 istam
1485 2546 1591 2574 esse
1625 2535 1870 2574 ecclesiam
1908 2546 2065 2575 veram

289 2610 357 2649 vel
383 2609 521 2651 illam.
546 2611 586 2648 et
613 2606 784 2648 valebit
808 2608 974 2647 electio
998 2607 1040 2646 in
1063 2607 1152 2647 vim
1180 2606 1434 2657 potestatis
1460 2605 1701 2645 catholice.
1734 2605 1925 2645 Faciunt
1952 2604 2066 2644 bene

286 2682 453 2720 notata
488 2691 568 2729 per
604 2679 924 2719 innocencium
953 2679 997 2718 in
1033 2678 1185 2728 capite
1220 2673 1501 2728 ‚Cumana‘¹)
1533 2676 1623 2725 glo.
1658 2676 1693 2715 ll
1728 2678 1776 2715 et
1808 2675 1874 2715 De
1912 2677 2065 2726 postu.

405 2816 436 2850 a)
465 2816 532 2842 Das
553 2815 655 2843 Stn'els
675 2815 776 2841 Sexta
803 2814 932 2847 pratica
955 2834 961 2840 .
981 2836 986 2839 .
1008 2834 1014 2840 .
1035 2813 1235 2840 abilitentur
1260 2813 1298 2839 is!
1323 2821 1389 2839 com
1412 2812 1695 2845 vorlzorqplwndeu
1718 2811 1843 2839 Absatz.
1869 2820 1909 2838 ειι
1936 2812 2006 2838 dem
2035 2820 2067 2838 ps

283 2863 393 2897 ‚qoho‘rt
426 2862 494 2889 und
523 2862 631 2889 des-svn
664 2861 770 2888 Jews»-
804 2861 868 2887 Tei!
898 2860 1055 2895 “bonsitlls
1088 2861 1153 2894 uns
1180 2860 1250 2886 dem
1284 2859 1398 2887 Nande
1426 2859 1515 2887 steht.
1546 2859 1651 2887 durch
1678 2859 1749 2887 eine
1779 2859 1964 2894 Reifitqnuy
1991 2867 2064 2885 zum

286 2910 437 2938 ›iiielzsten
460 2909 629 2936 Abselzuitt
657 2909 794 2941 (corrigi
816 2918 851 2935 se
873 2908 1071 2934 affirmantes
1094 2911 1243 2941 paratos,
1274 2915 1347 2932 cum
1378 2906 1470 2932 illam
1493 2906 1698 2940 invenerint)
1727 2908 1881 2941 germunt.
1922 2906 1997 2934 .·llso
2026 2906 2066 2932 is!

285 2958 336 2984 die
359 2966 458 2992 [June-e
478 2956 718 2990 ffinselmliuny
745 2957 776 2983 in
811 2958 836 2984 13
859 2956 976 2987 (Sexta
1004 2956 1132 2989 pratica
1156 2975 1161 2981 .
1183 2975 1189 2981 .
1211 2974 1217 2980 .
1246 2954 1460 2986 abiliteutur)
1488 2955 1598 2988 spt'itet·
1624 2954 1673 2981 als
1701 2954 1752 2980 die
1770 2962 1830 2980 zm·
1851 2953 2063 2986 ›nu-hhvriqen

286 3005 437 3038 Septima
451 3004 590 3038 praticu.
623 3004 655 3037 b)
678 3004 759 3031 Hier
771 3004 851 3031 steht
869 3005 894 3031 Β
906 3004 967 3037 aus
978 3003 1048 3029 (lem
1061 3003 1177 3030 Raude
1187 3002 1236 3029 eiu
1250 3001 1400 3037 liin-(serm
1412 3002 1541 3028 Passus.
1554 3001 1680 3028 det-zu}-
1693 3001 1821 3034 pratica
1836 3004 1930 3026 sexta
1942 3001 2064 3036 gemit-t,

408 3066 431 3103 ¹)
458 3078 485 3100 c.
513 3068 558 3099 50
585 3065 618 3098 X
649 3066 700 3098 De
726 3065 821 3098 elec-t.
853 3066 881 3105 l,
908 3068 937 3098 6.
