2178 3404
489 172 525 203 (“.
578 170 646 202 Ι)ἰο
678 167 1004 207 Verhandlungen
1034 178 1107 199 von
1136 165 1368 208 Perpignau.
1729 158 1814 199 477

51 283 220 323 Baiolis
254 280 505 332 protestati
546 280 656 322 sunt
690 290 848 318 coram
882 288 989 327 rege
1032 277 1076 316 in
1110 276 1249 316 factis
1284 275 1546 316 huiusmodi
1579 287 1670 316 non
1712 289 1817 317 con-

49 353 236 393 sentire.
290 351 621 391 Nichilominus
656 350 808 390 dictus
843 348 882 388 d.
918 347 1063 388 abbas
1088 347 1409 387 Montisserati
1444 346 1605 387 videns
1639 348 1817 399 modos,

50 425 122 474 qui
157 424 201 463 in
244 422 486 472 premissis
521 420 813 469 tenebantur,
858 418 1129 459 deliberavit
1173 418 1390 458 recedere
1423 419 1467 457 ct
1504 419 1643 469 peciit
1680 421 1818 462 licen-

51 495 169 534 ciam
194 506 233 534 a.
258 493 298 533 d.
323 504 446 544 rege,
481 492 551 533 cui
586 503 665 531 rex
702 491 784 530 alt:
820 490 1016 539 Propter
1045 489 1440 539 protestacionem
1479 501 1563 529 vos
1597 491 1637 530 d.
1673 491 1818 533 abbas

53 565 219 606 venitis
255 566 419 604 contra
465 563 593 603 facta
627 574 732 602 mea
776 565 823 601 et
860 560 1149 600 voluntatem
1194 572 1360 609 meam,
1393 564 1489 609 ‘ego
1532 572 1610 601 ero
1655 565 1819 604 contra

52 648 150 676 vos.
214 635 307 675 Hec
350 634 611 675 formaliter
652 633 767 672 dixit
809 634 853 671 et
889 631 1085 681 quedam
1131 631 1234 682 alia,
1279 631 1436 681 sicque
1479 643 1570 672 non
1615 635 1701 683 est7
1745 635 1819 684 qui

50 706 195 746 saciat
235 717 320 745 nec
353 705 517 745 tendat
560 703 617 744 ad
653 703 835 753 bonum,
879 704 926 742 et
968 702 1041 752 qui
1076 701 1300 753 facerent,
1344 713 1434 741 non
1476 702 1660 754 audent,
1704 708 1749 745 et
1783 706 1820 745 si

52 777 288 827 auderent7
331 788 421 815 non
457 775 739 824 audirentur„
785 786 891 824 ymo
936 772 1086 823 credo,
1130 773 1482 813 inimicarentur
1524 775 1618 823 regi
1663 779 1709 815 et
1743 777 1822 817 du-

54 848 163 899 bito,
198 848 235 887 si
260 848 547 898 punirentur.
594 845 708 885 Nam
736 845 838 895 illic,
875 846 925 884 ut
950 845 1098 895 video,
1133 856 1216 895 pro
1242 844 1340 894 lege
1363 844 1565 884 habetur
1590 847 1822 887 voluntas.

170 918 287 959 Ecce
311 930 400 968 quo
424 917 562 957 modo
596 916 787 965 negiu-ia
825 916 1094 961 succedunt,
1128 914 1309 963 mitesa)
1330 915 1373 955 in
1407 916 1703 967 precipicium
1729 921 1823 959 tra-

52 990 237 1040 huntur,
276 988 448 1039 fideles,
489 988 527 1027 si
563 988 825 1037 loquantur,
860 987 1187 1037 dampnantur,
1229 986 1353 1026 Deus
1389 986 1640 1028 offenditur
1672 992 1716 1029 et
1752 1002 1824 1030 ec-

54 1061 195 1101 clesia
226 1060 488 1100 tribulatur.
544 1059 624 1099 Ubi
660 1059 859 1099 fidelitas
888 1060 1040 1109 modo7
1074 1057 1148 1098 ubi
1174 1058 1315 1108 racio7
1350 1057 1423 1097 ubi
1448 1059 1715 1111 maturitas,
1750 1060 1825 1100 ubi

53 1132 238 1172 iusticia
271 1131 409 1181 regis„
443 1131 518 1171 ubi
555 1131 763 1171 veritas?
816 1130 969 1181 Miror,
999 1142 1141 1180 quare
1166 1129 1220 1169 de
1254 1129 1340 1168 hiis
1375 1129 1574 1169 mundus
1608 1142 1699 1171 non
1735 1132 1825 1172 cla-

55 1204 165 1243 mat.
221 1202 387 1242 (¹ertus
427 1214 545 1244 sum.
581 1202 698 1252 quod
736 1202 856 1241 inter
890 1202 1006 1242 alios
1042 1201 1300 1242 catholicos
1334 1201 1564 1251 principes
1600 1201 1820 1243 clamaret

55 1273 199 1313 fidelis
234 1276 282 1313 et
316 1272 574 1313 catholicus
614 1272 828 1322 princeps
863 1272 903 1312 d.
938 1283 1019 1312 rex
1045 1271 1259 1323 (fastelle7
1295 1272 1332 1312 si
1367 1272 1511 1311 sciret
1544 1283 1599 1312 ex
1634 1274 1826 1322 premis-

56 1345 121 1384 sis
159 1344 458 1394 attemptatis
493 1356 663 1384 corone
698 1356 779 1384 sue
815 1343 1135 1383 confusionem
1171 1355 1225 1383 ac
1259 1342 1569 1393 perdicionem
1612 1345 1738 1394 regni
1774 1357 1826 1386 ac

53 1415 437 1465 dampnacionem
473 1414 623 1454 anime
649 1414 733 1454 sibi
768 1415 1021 1465 imminere7
1056 1413 1430 1454 ambaxiatorum
1468 1426 1657 1454 suorum
1694 1416 1827 1466 culpa

55 1487 295 1537 causante,
329 1485 403 1536 qui
438 1484 707 1525 debuissent
734 1487 899 1525 contra
927 1497 1082 1535 regem
1108 1484 1376 1535 Aragonum
1405 1486 1654 1534 prtffestati
1681 1485 1826 1526 fuisse
1862 1535 1866 1539 .

54 1559 98 1597 et
136 1556 386 1607 protestari
410 1558 471 1607 et,
506 1556 658 1607 credo,
693 1568 782 1597 non
807 1556 1031 1597 fecerunt.
1085 1556 1180 1597 Hec
1215 1568 1296 1606 pro
1332 1557 1465 1595 tanto
1493 1555 1623 1595 vobis
1659 1557 1827 1608 scribQ

56 1630 105 1668 ut
149 1627 311 1668 sciatis
354 1627 591 1668 novitates
627 1630 673 1667 et
717 1627 820 1667 sitis
855 1628 1069 1667 avisatus
1112 1627 1155 1666 in
1199 1626 1583 1667 tribulacitmilms
1618 1628 1828 1669 venturis

54 1702 101 1739 et
144 1698 338 1739 avisetis
372 1709 457 1738 vos
501 1701 545 1737 et
590 1698 630 1738 d.
675 1698 1054 1748 archiepiscopus
1090 1697 1343 1738 Toletanus
1387 1698 1592 1745 reginam
1638 1701 1830 1749 propter

54 1770 283 1809 interesse
318 1769 440 1819 regis
474 1772 521 1808 et
554 1769 680 1819 regni
712 1771 757 1808 et
794 1769 1050 1809 animarum
1087 1780 1261 1818 eorum7
1297 1768 1575 1808 declaramlo
1609 1770 1647 1808 ei
1684 1782 1828 1819 penas

55 1843 101 1879 et
151 1840 417 1880 sentencias
468 1840 719 1880 secundum
777 1840 1165 1879 constitucionem
1210 1839 1413 1879 Massilie
1462 1852 1544 1890 per
1591 1840 1825 1881 dominum

53 1912 264 1951 nostrum
288 1910 465 1951 factam
488 1911 807 1961 incipientem:
833 1911 894 1961 ‚ln
919 1911 1093 1950 dierum
1120 1922 1342 1951 successu
1358 1907 1400 1957 ¹)“
1427 1913 1589 1951 contra
1615 1911 1829 1951 obedien-

56 1982 173 2022 ciam
210 1981 295 2021 sibi
330 1973 690 2022 Substrahentes
715 1984 758 2021 et
796 1982 1034 2021 substrahi
1070 1983 1378 2032 procurantes
1403 1984 1449 2021 et
1485 1984 1828 2032 attemptantes

54 2053 177 2092 latas
220 2054 268 2092 et
310 2053 646 2103 pronmlgatas,
691 2052 943 2092 secundum
989 2053 1312 2103 quamquidem
1360 2053 1749 2093 constitucionem
1784 2055 1831 2093 et,

57 2123 171 2164 alias
194 2123 282 2173 ipsi
307 2122 667 2164 substrahentes
692 2125 739 2163 et
773 2123 1011 2163 substrahi
1038 2125 1379 2174 attemptantes
1404 2126 1451 2163 et
1475 2124 1831 2164 consencientes

56 2195 104 2234 et
147 2196 313 2234 contra
353 2194 588 2234 dominum
631 2197 844 2235 nostrum
890 2195 1216 2244 conspirantes
1259 2196 1416 2244 preter
1450 2194 1565 2234 alias
1609 2203 1752 2245 penas
1786 2197 1830 2235 et

57 2265 337 2315 sentencias,
378 2264 416 2304 si
451 2264 601 2305 clerici
636 2266 729 2305 sint
762 2265 805 2304 in
841 2277 1130 2315 quacumque
1165 2265 1393 2315 dignitate
1428 2265 1688 2316 constituti⁷
1723 2268 1830 2305 sunt

58 2334 224 2385 privati
259 2334 493 2376 beneficiis
518 2339 565 2375 et
598 2335 904 2384 dignitatibus
928 2340 971 2375 et
1003 2336 1125 2375 ultra
1160 2336 1332 2375 acriter
1367 2335 1602 2385 puniendi3
1637 2336 1674 2375 si
1698 2347 1832 2385 reges

57 2407 105 2445 et
127 2405 299 2445 domini
320 2406 604 2456 temporales
627 2407 733 2450 sint,
767 2406 911 2446 eciam
946 2406 1113 2456 privati
1140 2406 1293 2455 regnis
1318 2408 1360 2445 et
1388 2406 1602 2446 dominiis
1626 2407 1672 2445 et
1695 2406 1833 2455 depo-

59 2475 136 2515 siti
171 2487 223 2515 ac
266 2487 424 2516 eorum
460 2476 561 2516 loca
595 2478 638 2515 et
677 2488 819 2525 regna
861 2476 1185 2516 ecclesiastica
1229 2476 1473 2526 supposita
1506 2476 1753 2517 interdicto
1788 2479 1835 2517 et

59 2545 265 2594 ipsorum
310 2546 472 2586 vasalli
518 2546 573 2586 ab
616 2546 845 2596 homagiis
888 2547 954 2586 eis
989 2546 1197 2596 prestitis
1242 2545 1467 2595 absoluti3
1510 2547 1833 2587 nichilominus

62 2615 232 2655 licitum
259 2619 333 2655 est
367 2617 577 2667 cuiquam
613 2628 829 2665 guerram
864 2616 1019 2657 facere
1051 2619 1215 2656 contra
1239 2617 1359 2657 tales
1393 2628 1645 2668 eorumque
1680 2620 1834 2658 terras

61 2688 108 2725 et
140 2696 284 2735 regna
325 2686 585 2727 huiusmodi
626 2687 820 2726 ecclesie
855 2687 990 2726 titulo
1026 2686 1109 2726 sibi
1145 2687 1398 2737 acquirere,
1439 2690 1577 2738 prout
1610 2689 1653 2728 in
1688 2688 1834 2728 literis

62 2757 334 2808 apostolicis
359 2769 498 2808 super
520 2769 575 2798 ea
599 2758 824 2798 confectis
856 2758 1031 2808 plenius
1058 2758 1334 2798 continetur.
1384 2757 1554 2799 Omnia,
1576 2759 1659 2799 hec
1684 2758 1834 2799 modis

63 2828 426 2878 congruentibus
451 2829 669 2879 aperietis
693 2840 773 2879 per
806 2830 1049 2869 extensum
1087 2829 1208 2869 dicte
1232 2829 1272 2868 d.
1296 2829 1453 2879 regine
1476 2831 1524 2869 et
1557 2841 1659 2869 eam
1694 2828 1834 2869 infor-

62 2898 264 2949 mabitis‚
293 2901 343 2939 ut
367 2900 519 2949 possit
542 2902 586 2939 et
611 2899 777 2939 debeat
804 2911 904 2939 cum
932 2902 1141 2949 tempore
1165 2899 1427 2939 huiusmodi
1453 2900 1537 2939 sibi
1562 2901 1609 2939 et
1631 2899 1722 2939 filio
1749 2911 1833 2938 suo

180 3022 212 3055 a)
236 3024 286 3050 Ην.
308 3023 432 3049 mittes.

185 3083 208 3119 ¹)
240 3083 352 3117 Gedr.
381 3084 513 3118 Hal-dt
539 3084 598 3118 Ji*
623 3085 724 3117 1243.
