<?xml version="1.0" encoding="UTF-8"?>
<!DOCTYPE html PUBLIC "-//W3C//DTD XHTML 1.0 Transitional//EN"
    "http://www.w3.org/TR/xhtml1/DTD/xhtml1-transitional.dtd">
<html xmlns="http://www.w3.org/1999/xhtml" xml:lang="en" lang="en">
 <head>
  <title>
</title>
<meta http-equiv="Content-Type" content="text/html;charset=utf-8" />
  <meta name='ocr-system' content='tesseract 3.04.00' />
  <meta name='ocr-capabilities' content='ocr_page ocr_carea ocr_par ocr_line ocrx_word'/>
</head>
<body>
  <div class='ocr_page' id='page_1' title='image "./actaconciliicons03counuoft_0312.png"; bbox 0 0 2178 3404; ppageno 0'>
   <div class='ocr_carea' id='block_1_1' title="bbox 296 121 1694 162">
    <p class='ocr_par' dir='ltr' id='par_1_1' title="bbox 296 121 1694 162">
     <span class='ocr_line' id='line_1_1' title="bbox 296 121 1694 162; baseline 0 -1"><span class='ocrx_word' id='word_1_1' title='bbox 296 121 382 162; x_wconf 73' lang='lat'>&#39;294</span> <span class='ocrx_word' id='word_1_2' title='bbox 667 130 691 162; x_wconf 93' lang='lat' dir='ltr'>I.</span> <span class='ocrx_word' id='word_1_3' title='bbox 720 128 940 162; x_wconf 75' lang='lat' dir='ltr'>Abschnitt.</span> <span class='ocrx_word' id='word_1_4' title='bbox 991 128 1147 161; x_wconf 79' lang='lat' dir='ltr'>Johann</span> <span class='ocrx_word' id='word_1_5' title='bbox 1176 127 1313 160; x_wconf 83' lang='lat' dir='ltr'>XXIII.</span> <span class='ocrx_word' id='word_1_6' title='bbox 1343 128 1418 160; x_wconf 85' lang='lat' dir='ltr'>und</span> <span class='ocrx_word' id='word_1_7' title='bbox 1448 128 1517 161; x_wconf 82' lang='lat' dir='ltr'>das</span> <span class='ocrx_word' id='word_1_8' title='bbox 1544 128 1694 161; x_wconf 85' lang='lat' dir='ltr'>Konzil.</span> 
     </span>
    </p>
   </div>
   <div class='ocr_carea' id='block_1_2' title="bbox 293 238 2070 2279">
    <p class='ocr_par' dir='ltr' id='par_1_2' title="bbox 293 238 2070 2279">
     <span class='ocr_line' id='line_1_2' title="bbox 416 238 2067 289; baseline 0.001 -11"><span class='ocrx_word' id='word_1_9' title='bbox 416 242 524 280; x_wconf 75' lang='lat' dir='ltr'>t‘um</span> <span class='ocrx_word' id='word_1_10' title='bbox 583 239 777 289; x_wconf 88' lang='lat' dir='ltr'>quedam</span> <span class='ocrx_word' id='word_1_11' title='bbox 837 238 924 278; x_wconf 77' lang='lat' dir='ltr'>fida</span> <span class='ocrx_word' id='word_1_12' title='bbox 980 241 1025 277; x_wconf 87' lang='lat' dir='ltr'>et</span> <span class='ocrx_word' id='word_1_13' title='bbox 1085 238 1329 287; x_wconf 82' lang='lat' dir='ltr'>inteligens</span> <span class='ocrx_word' id='word_1_14' title='bbox 1386 250 1585 287; x_wconf 86' lang='lat' dir='ltr'>persona</span> <span class='ocrx_word' id='word_1_15' title='bbox 1644 240 1953 289; x_wconf 72' lang='lat' dir='ltr'>comparuerit</span> <span class='ocrx_word' id='word_1_16' title='bbox 2011 239 2067 279; x_wconf 89' lang='lat' dir='ltr'>ad</span> 
     </span>
     <span class='ocr_line' id='line_1_3' title="bbox 298 309 2065 361; baseline 0 -12"><span class='ocrx_word' id='word_1_17' title='bbox 298 312 583 361; x_wconf 83' lang='lat' dir='ltr'>presenciam</span> <span class='ocrx_word' id='word_1_18' title='bbox 629 311 776 350; x_wconf 89' lang='lat' dir='ltr'>nostri</span> <span class='ocrx_word' id='word_1_19' title='bbox 818 309 1004 349; x_wconf 85' lang='lat' dir='ltr'>dominii</span> <span class='ocrx_word' id='word_1_20' title='bbox 1040 314 1082 348; x_wconf 88' lang='lat' dir='ltr'>et</span> <span class='ocrx_word' id='word_1_21' title='bbox 1127 309 1410 359; x_wconf 74' lang='lat' dir='ltr'>exposuerit,</span> <span class='ocrx_word' id='word_1_22' title='bbox 1454 310 1575 359; x_wconf 87' lang='lat' dir='ltr'>quod</span> <span class='ocrx_word' id='word_1_23' title='bbox 1614 310 1775 351; x_wconf 86' lang='lat' dir='ltr'>habuit</span> <span class='ocrx_word' id='word_1_24' title='bbox 1810 322 1833 350; x_wconf 91' lang='lat' dir='ltr'>a</span> <span class='ocrx_word' id='word_1_25' title='bbox 1869 311 2065 360; x_wconf 89' lang='lat' dir='ltr'>quadam</span> 
     </span>
     <span class='ocr_line' id='line_1_4' title="bbox 299 381 2068 431; baseline 0.001 -11"><span class='ocrx_word' id='word_1_26' title='bbox 299 393 494 431; x_wconf 81' lang='lat' dir='ltr'>persona</span> <span class='ocrx_word' id='word_1_27' title='bbox 531 381 773 430; x_wconf 80' lang='lat' dir='ltr'>tidedigna.</span> <span class='ocrx_word' id='word_1_28' title='bbox 817 393 872 420; x_wconf 83' lang='lat' dir='ltr'>ex</span> <span class='ocrx_word' id='word_1_29' title='bbox 917 386 1048 431; x_wconf 84' lang='lat' dir='ltr'>parte</span> <span class='ocrx_word' id='word_1_30' title='bbox 1092 381 1465 420; x_wconf 77' lang='lat' dir='ltr'>reveremlissimi</span> <span class='ocrx_word' id='word_1_31' title='bbox 1511 382 1657 430; x_wconf 89' lang='lat' dir='ltr'>patris</span> <span class='ocrx_word' id='word_1_32' title='bbox 1701 382 1740 421; x_wconf 86' lang='lat' dir='ltr'>d.</span> <span class='ocrx_word' id='word_1_33' title='bbox 1778 382 2068 423; x_wconf 78' lang='lat' dir='ltr'>Baldessaris</span> 
     </span>
     <span class='ocr_line' id='line_1_5' title="bbox 297 451 2069 502; baseline 0.003 -14"><span class='ocrx_word' id='word_1_34' title='bbox 297 453 442 492; x_wconf 74' lang='lat' dir='ltr'>t&#39;ossa</span> <span class='ocrx_word' id='word_1_35' title='bbox 488 452 592 491; x_wconf 90' lang='lat' dir='ltr'>olim</span> <span class='ocrx_word' id='word_1_36' title='bbox 628 452 856 491; x_wconf 83' lang='lat' dir='ltr'>.lohannis</span> <span class='ocrx_word' id='word_1_37' title='bbox 891 451 1047 491; x_wconf 79' lang='lat' dir='ltr'>XXlll.</span> <span class='ocrx_word' id='word_1_38' title='bbox 1083 452 1349 502; x_wconf 85' lang='lat' dir='ltr'>nuncupati.</span> <span class='ocrx_word' id='word_1_39' title='bbox 1396 452 1465 492; x_wconf 84' lang='lat' dir='ltr'>cui</span> <span class='ocrx_word' id='word_1_40' title='bbox 1510 451 1713 492; x_wconf 76' lang='lat' dir='ltr'>adhiberi</span> <span class='ocrx_word' id='word_1_41' title='bbox 1759 455 1913 502; x_wconf 85' lang='lat' dir='ltr'>potest</span> <span class='ocrx_word' id='word_1_42' title='bbox 1956 452 2069 493; x_wconf 84' lang='lat' dir='ltr'>fides</span> 
     </span>
     <span class='ocr_line' id='line_1_6' title="bbox 297 522 2068 572; baseline 0.001 -10"><span class='ocrx_word' id='word_1_43' title='bbox 297 528 534 572; x_wconf 87' lang='lat' dir='ltr'>tamquam</span> <span class='ocrx_word' id='word_1_44' title='bbox 572 523 655 572; x_wconf 84' lang='lat' dir='ltr'>ipsi</span> <span class='ocrx_word' id='word_1_45' title='bbox 704 523 886 572; x_wconf 84' lang='lat' dir='ltr'>proprio</span> <span class='ocrx_word' id='word_1_46' title='bbox 922 523 962 562; x_wconf 90' lang='lat' dir='ltr'>d.</span> <span class='ocrx_word' id='word_1_47' title='bbox 1003 522 1251 562; x_wconf 65' lang='lat' dir='ltr'>Haldesari.</span> <span class='ocrx_word' id='word_1_48' title='bbox 1299 523 1419 572; x_wconf 89' lang='lat' dir='ltr'>quod</span> <span class='ocrx_word' id='word_1_49' title='bbox 1463 522 1614 562; x_wconf 85' lang='lat' dir='ltr'>dictus</span> <span class='ocrx_word' id='word_1_50' title='bbox 1650 523 1689 562; x_wconf 91' lang='lat' dir='ltr'>d.</span> <span class='ocrx_word' id='word_1_51' title='bbox 1728 523 1950 563; x_wconf 74' lang='lat' dir='ltr'>Haldesar</span> <span class='ocrx_word' id='word_1_52' title='bbox 1985 523 2068 563; x_wconf 88' lang='lat' dir='ltr'>sibi</span> 
     </span>
     <span class='ocr_line' id='line_1_7' title="bbox 294 593 2069 643; baseline 0 -11"><span class='ocrx_word' id='word_1_53' title='bbox 294 593 523 633; x_wconf 79' lang='lat' dir='ltr'>notificari</span> <span class='ocrx_word' id='word_1_54' title='bbox 550 594 741 634; x_wconf 82' lang='lat' dir='ltr'>fecerat.</span> <span class='ocrx_word' id='word_1_55' title='bbox 779 596 823 633; x_wconf 89' lang='lat' dir='ltr'>ut</span> <span class='ocrx_word' id='word_1_56' title='bbox 851 594 1110 634; x_wconf 56' lang='lat' dir='ltr'>mitificaret</span> <span class='ocrx_word' id='word_1_57' title='bbox 1150 596 1313 633; x_wconf 85' lang='lat' dir='ltr'>nostro</span> <span class='ocrx_word' id='word_1_58' title='bbox 1339 593 1555 633; x_wconf 80' lang='lat' dir='ltr'>dominio.</span> <span class='ocrx_word' id='word_1_59' title='bbox 1590 594 1711 643; x_wconf 87' lang='lat' dir='ltr'>quod</span> <span class='ocrx_word' id='word_1_60' title='bbox 1736 606 1785 633; x_wconf 87' lang='lat' dir='ltr'>se</span> <span class='ocrx_word' id='word_1_61' title='bbox 1819 595 2069 635; x_wconf 63' lang='lat' dir='ltr'>reduxerat,</span> 
     </span>
     <span class='ocr_line' id='line_1_8' title="bbox 296 664 2068 715; baseline 0.002 -12"><span class='ocrx_word' id='word_1_62' title='bbox 296 665 548 704; x_wconf 74' lang='lat' dir='ltr'>Sarzanam</span> <span class='ocrx_word' id='word_1_63' title='bbox 575 669 616 703; x_wconf 86' lang='lat' dir='ltr'>et</span> <span class='ocrx_word' id='word_1_64' title='bbox 649 665 749 704; x_wconf 87' lang='lat' dir='ltr'>licet</span> <span class='ocrx_word' id='word_1_65' title='bbox 782 676 1014 714; x_wconf 87' lang='lat' dir='ltr'>nunquam</span> <span class='ocrx_word' id='word_1_66' title='bbox 1051 665 1369 704; x_wconf 86' lang='lat' dir='ltr'>renunciasset</span> <span class='ocrx_word' id='word_1_67' title='bbox 1398 665 1601 713; x_wconf 88' lang='lat' dir='ltr'>papatui.</span> <span class='ocrx_word' id='word_1_68' title='bbox 1636 666 1794 704; x_wconf 90' lang='lat' dir='ltr'>tamen</span> <span class='ocrx_word' id='word_1_69' title='bbox 1820 664 2068 715; x_wconf 79' lang='lat' dir='ltr'>disposicio</span> 
     </span>
     <span class='ocr_line' id='line_1_9' title="bbox 294 734 2069 785; baseline 0.001 -11"><span class='ocrx_word' id='word_1_70' title='bbox 294 738 339 775; x_wconf 90' lang='lat' dir='ltr'>et</span> <span class='ocrx_word' id='word_1_71' title='bbox 377 735 576 775; x_wconf 87' lang='lat' dir='ltr'>intencio</span> <span class='ocrx_word' id='word_1_72' title='bbox 621 748 703 775; x_wconf 84' lang='lat' dir='ltr'>sua</span> <span class='ocrx_word' id='word_1_73' title='bbox 739 740 836 775; x_wconf 87' lang='lat' dir='ltr'>erat</span> <span class='ocrx_word' id='word_1_74' title='bbox 876 736 1024 781; x_wconf 66' lang='lat' dir='ltr'>nole²)</span> <span class='ocrx_word' id='word_1_75' title='bbox 1058 735 1239 785; x_wconf 80' lang='lat' dir='ltr'>aliquod</span> <span class='ocrx_word' id='word_1_76' title='bbox 1278 734 1549 775; x_wconf 87' lang='lat' dir='ltr'>scandalum</span> <span class='ocrx_word' id='word_1_77' title='bbox 1586 735 1628 773; x_wconf 92' lang='lat' dir='ltr'>in</span> <span class='ocrx_word' id='word_1_78' title='bbox 1663 735 1862 775; x_wconf 85' lang='lat' dir='ltr'>ecclesia</span> <span class='ocrx_word' id='word_1_79' title='bbox 1902 739 2069 777; x_wconf 86' lang='lat' dir='ltr'>sancta</span> 
     </span>
     <span class='ocr_line' id='line_1_10' title="bbox 294 805 2068 856; baseline 0.002 -11"><span class='ocrx_word' id='word_1_80' title='bbox 294 806 373 845; x_wconf 83' lang='lat' dir='ltr'>Dei</span> <span class='ocrx_word' id='word_1_81' title='bbox 401 806 567 848; x_wconf 79' lang='lat' dir='ltr'>facere.</span> <span class='ocrx_word' id='word_1_82' title='bbox 603 806 685 845; x_wconf 91' lang='lat' dir='ltr'>sed</span> <span class='ocrx_word' id='word_1_83' title='bbox 710 806 967 856; x_wconf 86' lang='lat' dir='ltr'>dispositus</span> <span class='ocrx_word' id='word_1_84' title='bbox 999 810 1068 845; x_wconf 85' lang='lat' dir='ltr'>est</span> <span class='ocrx_word' id='word_1_85' title='bbox 1099 806 1252 845; x_wconf 87' lang='lat' dir='ltr'>venire</span> <span class='ocrx_word' id='word_1_86' title='bbox 1277 805 1332 845; x_wconf 91' lang='lat' dir='ltr'>ad</span> <span class='ocrx_word' id='word_1_87' title='bbox 1359 805 1675 845; x_wconf 71' lang='lat' dir='ltr'>obedienciam</span> <span class='ocrx_word' id='word_1_88' title='bbox 1712 809 1874 846; x_wconf 86' lang='lat' dir='ltr'>sancte</span> <span class='ocrx_word' id='word_1_89' title='bbox 1904 808 2068 848; x_wconf 87' lang='lat' dir='ltr'>matris</span> 
     </span>
     <span class='ocr_line' id='line_1_11' title="bbox 294 876 2070 929; baseline 0.002 -13"><span class='ocrx_word' id='word_1_90' title='bbox 294 877 488 917; x_wconf 74' lang='lat' dir='ltr'>ecclesie</span> <span class='ocrx_word' id='word_1_91' title='bbox 536 890 612 927; x_wconf 85' lang='lat' dir='ltr'>per</span> <span class='ocrx_word' id='word_1_92' title='bbox 654 878 726 917; x_wconf 89' lang='lat' dir='ltr'>illa</span> <span class='ocrx_word' id='word_1_93' title='bbox 773 878 937 919; x_wconf 83' lang='lat' dir='ltr'>media.</span> <span class='ocrx_word' id='word_1_94' title='bbox 982 890 1067 927; x_wconf 85' lang='lat' dir='ltr'>que</span> <span class='ocrx_word' id='word_1_95' title='bbox 1112 877 1198 916; x_wconf 85' lang='lat' dir='ltr'>sint</span> <span class='ocrx_word' id='word_1_96' title='bbox 1249 876 1544 916; x_wconf 88' lang='lat' dir='ltr'>racionabilia</span> <span class='ocrx_word' id='word_1_97' title='bbox 1581 881 1624 916; x_wconf 90' lang='lat' dir='ltr'>et</span> <span class='ocrx_word' id='word_1_98' title='bbox 1666 877 1803 916; x_wconf 88' lang='lat' dir='ltr'>iusta.</span> <span class='ocrx_word' id='word_1_99' title='bbox 1873 877 1921 918; x_wconf 79' lang='lat' dir='ltr'>Et</span> <span class='ocrx_word' id='word_1_100' title='bbox 1965 879 2070 929; x_wconf 90' lang='lat' dir='ltr'>quia</span> 
     </span>
     <span class='ocr_line' id='line_1_12' title="bbox 295 947 2068 997; baseline 0.001 -10"><span class='ocrx_word' id='word_1_101' title='bbox 295 960 478 997; x_wconf 80' lang='lat' dir='ltr'>semper</span> <span class='ocrx_word' id='word_1_102' title='bbox 513 948 632 988; x_wconf 83' lang='lat' dir='ltr'>ultra</span> <span class='ocrx_word' id='word_1_103' title='bbox 669 960 830 988; x_wconf 84' lang='lat' dir='ltr'>omnes</span> <span class='ocrx_word' id='word_1_104' title='bbox 866 949 981 988; x_wconf 84' lang='lat' dir='ltr'>alias</span> <span class='ocrx_word' id='word_1_105' title='bbox 1021 949 1241 988; x_wconf 87' lang='lat' dir='ltr'>naciones</span> <span class='ocrx_word' id='word_1_106' title='bbox 1279 947 1431 986; x_wconf 84' lang='lat' dir='ltr'>mondi</span> <span class='ocrx_word' id='word_1_107' title='bbox 1465 947 1625 987; x_wconf 85' lang='lat' dir='ltr'>habuit</span> <span class='ocrx_word' id='word_1_108' title='bbox 1666 948 1916 988; x_wconf 84' lang='lat' dir='ltr'>maximam</span> <span class='ocrx_word' id='word_1_109' title='bbox 1964 961 2068 989; x_wconf 90' lang='lat' dir='ltr'>con-</span> 
     </span>
     <span class='ocr_line' id='line_1_13' title="bbox 293 1018 2069 1070; baseline 0.002 -13"><span class='ocrx_word' id='word_1_110' title='bbox 293 1018 533 1058; x_wconf 84' lang='lat' dir='ltr'>fidenciam</span> <span class='ocrx_word' id='word_1_111' title='bbox 586 1022 629 1059; x_wconf 90' lang='lat' dir='ltr'>et</span> <span class='ocrx_word' id='word_1_112' title='bbox 687 1032 814 1069; x_wconf 86' lang='lat' dir='ltr'>spem</span> <span class='ocrx_word' id='word_1_113' title='bbox 869 1021 909 1059; x_wconf 90' lang='lat' dir='ltr'>in</span> <span class='ocrx_word' id='word_1_114' title='bbox 963 1023 1128 1059; x_wconf 87' lang='lat' dir='ltr'>nostro</span> <span class='ocrx_word' id='word_1_115' title='bbox 1182 1019 1397 1059; x_wconf 88' lang='lat' dir='ltr'>dominio.</span> <span class='ocrx_word' id='word_1_116' title='bbox 1453 1020 1702 1059; x_wconf 80' lang='lat' dir='ltr'>contentus</span> <span class='ocrx_word' id='word_1_117' title='bbox 1752 1023 1894 1063; x_wconf 28' lang='lat' dir='ltr'>esset*</span> <span class='ocrx_word' id='word_1_118' title='bbox 1948 1020 2069 1070; x_wconf 86' lang='lat' dir='ltr'>quod</span> 
     </span>
     <span class='ocr_line' id='line_1_14' title="bbox 294 1090 2069 1140; baseline 0.002 -12"><span class='ocrx_word' id='word_1_119' title='bbox 294 1092 457 1129; x_wconf 89' lang='lat' dir='ltr'>nostra</span> <span class='ocrx_word' id='word_1_120' title='bbox 501 1090 760 1130; x_wconf 85' lang='lat' dir='ltr'>dominacio</span> <span class='ocrx_word' id='word_1_121' title='bbox 806 1104 854 1130; x_wconf 89' lang='lat' dir='ltr'>se</span> <span class='ocrx_word' id='word_1_122' title='bbox 898 1091 1211 1140; x_wconf 55' lang='lat' dir='ltr'>intra-poneret</span> <span class='ocrx_word' id='word_1_123' title='bbox 1248 1090 1370 1129; x_wconf 86' lang='lat' dir='ltr'>inter</span> <span class='ocrx_word' id='word_1_124' title='bbox 1403 1090 1442 1129; x_wconf 91' lang='lat' dir='ltr'>d.</span> <span class='ocrx_word' id='word_1_125' title='bbox 1481 1102 1645 1139; x_wconf 87' lang='lat' dir='ltr'>papam</span> <span class='ocrx_word' id='word_1_126' title='bbox 1683 1094 1725 1130; x_wconf 91' lang='lat' dir='ltr'>et</span> <span class='ocrx_word' id='word_1_127' title='bbox 1763 1090 1802 1130; x_wconf 90' lang='lat' dir='ltr'>d.</span> <span class='ocrx_word' id='word_1_128' title='bbox 1838 1090 1878 1129; x_wconf 85' lang='lat' dir='ltr'>d.</span> <span class='ocrx_word' id='word_1_129' title='bbox 1910 1090 2069 1131; x_wconf 73' lang='lat' dir='ltr'>Ralde-</span> 
     </span>
     <span class='ocr_line' id='line_1_15' title="bbox 294 1160 2070 1201; baseline 0.001 -2"><span class='ocrx_word' id='word_1_130' title='bbox 294 1172 462 1200; x_wconf 86' lang='lat' dir='ltr'>sarem.</span> <span class='ocrx_word' id='word_1_131' title='bbox 512 1165 551 1200; x_wconf 90' lang='lat' dir='ltr'>et</span> <span class='ocrx_word' id='word_1_132' title='bbox 608 1161 754 1200; x_wconf 87' lang='lat' dir='ltr'>honor</span> <span class='ocrx_word' id='word_1_133' title='bbox 800 1163 857 1200; x_wconf 78' lang='lat' dir='ltr'>sit</span> <span class='ocrx_word' id='word_1_134' title='bbox 909 1162 1057 1201; x_wconf 84' lang='lat' dir='ltr'>nostri</span> <span class='ocrx_word' id='word_1_135' title='bbox 1109 1161 1295 1200; x_wconf 88' lang='lat' dir='ltr'>dominii</span> <span class='ocrx_word' id='word_1_136' title='bbox 1345 1161 1491 1200; x_wconf 90' lang='lat' dir='ltr'>eidem</span> <span class='ocrx_word' id='word_1_137' title='bbox 1540 1160 1579 1199; x_wconf 92' lang='lat' dir='ltr'>d.</span> <span class='ocrx_word' id='word_1_138' title='bbox 1631 1160 1865 1201; x_wconf 77' lang='lat' dir='ltr'>Haldesari</span> <span class='ocrx_word' id='word_1_139' title='bbox 1915 1162 2070 1201; x_wconf 86' lang='lat' dir='ltr'>facere</span> 
     </span>
     <span class='ocr_line' id='line_1_16' title="bbox 295 1232 2068 1283; baseline 0.001 -13"><span class='ocrx_word' id='word_1_140' title='bbox 295 1233 661 1281; x_wconf 83' lang='lat' dir='ltr'>responsionem.</span> <span class='ocrx_word' id='word_1_141' title='bbox 698 1233 1011 1273; x_wconf 86' lang='lat' dir='ltr'>considerato.</span> <span class='ocrx_word' id='word_1_142' title='bbox 1048 1244 1147 1272; x_wconf 86' lang='lat' dir='ltr'>cum</span> <span class='ocrx_word' id='word_1_143' title='bbox 1180 1235 1353 1282; x_wconf 84' lang='lat' dir='ltr'>quanto</span> <span class='ocrx_word' id='word_1_144' title='bbox 1390 1235 1585 1282; x_wconf 86' lang='lat' dir='ltr'>paterno</span> <span class='ocrx_word' id='word_1_145' title='bbox 1621 1244 1793 1272; x_wconf 88' lang='lat' dir='ltr'>amore.</span> <span class='ocrx_word' id='word_1_146' title='bbox 1827 1232 1932 1272; x_wconf 89' lang='lat' dir='ltr'>dum</span> <span class='ocrx_word' id='word_1_147' title='bbox 1970 1244 2068 1283; x_wconf 85' lang='lat' dir='ltr'>pre-</span> 
     </span>
     <span class='ocr_line' id='line_1_17' title="bbox 293 1302 2068 1352; baseline 0.001 -11"><span class='ocrx_word' id='word_1_148' title='bbox 293 1305 418 1342; x_wconf 88' lang='lat' dir='ltr'>esset</span> <span class='ocrx_word' id='word_1_149' title='bbox 448 1304 649 1352; x_wconf 86' lang='lat' dir='ltr'>papatui.</span> <span class='ocrx_word' id='word_1_150' title='bbox 685 1304 839 1343; x_wconf 81' lang='lat' dir='ltr'>dilexit</span> <span class='ocrx_word' id='word_1_151' title='bbox 867 1307 1078 1343; x_wconf 91' lang='lat' dir='ltr'>nostrum</span> <span class='ocrx_word' id='word_1_152' title='bbox 1106 1303 1354 1343; x_wconf 89' lang='lat' dir='ltr'>dominium</span> <span class='ocrx_word' id='word_1_153' title='bbox 1383 1305 1423 1342; x_wconf 89' lang='lat' dir='ltr'>et</span> <span class='ocrx_word' id='word_1_154' title='bbox 1455 1314 1548 1342; x_wconf 90' lang='lat' dir='ltr'>rem</span> <span class='ocrx_word' id='word_1_155' title='bbox 1578 1302 1803 1352; x_wconf 81' lang='lat' dir='ltr'>publicam</span> <span class='ocrx_word' id='word_1_156' title='bbox 1829 1307 2068 1343; x_wconf 90' lang='lat' dir='ltr'>nostram:</span> 
     </span>
     <span class='ocr_line' id='line_1_18' title="bbox 296 1373 2068 1424; baseline -0.001 -12"><span class='ocrx_word' id='word_1_157' title='bbox 296 1373 420 1413; x_wconf 85' lang='lat' dir='ltr'>vadit</span> <span class='ocrx_word' id='word_1_158' title='bbox 449 1386 569 1423; x_wconf 83' lang='lat' dir='ltr'>pars.</span> <span class='ocrx_word' id='word_1_159' title='bbox 605 1375 725 1424; x_wconf 91' lang='lat' dir='ltr'>quod</span> <span class='ocrx_word' id='word_1_160' title='bbox 763 1374 1102 1424; x_wconf 79' lang='lat' dir='ltr'>respondeatur</span> <span class='ocrx_word' id='word_1_161' title='bbox 1136 1374 1257 1413; x_wconf 83' lang='lat' dir='ltr'>dicte</span> <span class='ocrx_word' id='word_1_162' title='bbox 1292 1385 1504 1423; x_wconf 83' lang='lat' dir='ltr'>persone.</span> <span class='ocrx_word' id='word_1_163' title='bbox 1544 1376 1595 1413; x_wconf 79' lang='lat' dir='ltr'>ut</span> <span class='ocrx_word' id='word_1_164' title='bbox 1628 1373 1908 1423; x_wconf 75' lang='lat' dir='ltr'>respondeat</span> <span class='ocrx_word' id='word_1_165' title='bbox 1944 1373 2068 1414; x_wconf 82' lang='lat' dir='ltr'>dicto</span> 
     </span>
     <span class='ocr_line' id='line_1_19' title="bbox 295 1444 2069 1494; baseline 0.001 -11"><span class='ocrx_word' id='word_1_166' title='bbox 295 1444 684 1485; x_wconf 89' lang='lat' dir='ltr'>reverendissimo</span> <span class='ocrx_word' id='word_1_167' title='bbox 735 1445 774 1484; x_wconf 90' lang='lat' dir='ltr'>d.</span> <span class='ocrx_word' id='word_1_168' title='bbox 827 1445 1077 1485; x_wconf 80' lang='lat' dir='ltr'>Baldesari.</span> <span class='ocrx_word' id='word_1_169' title='bbox 1132 1445 1249 1494; x_wconf 91' lang='lat' dir='ltr'>quod</span> <span class='ocrx_word' id='word_1_170' title='bbox 1301 1457 1383 1484; x_wconf 89' lang='lat' dir='ltr'>sua</span> <span class='ocrx_word' id='word_1_171' title='bbox 1442 1444 1702 1494; x_wconf 85' lang='lat' dir='ltr'>paternitas</span> <span class='ocrx_word' id='word_1_172' title='bbox 1758 1447 1911 1494; x_wconf 84' lang='lat' dir='ltr'>potest</span> <span class='ocrx_word' id='word_1_173' title='bbox 1963 1456 2069 1485; x_wconf 88' lang='lat' dir='ltr'>esse</span> 
     </span>
     <span class='ocr_line' id='line_1_20' title="bbox 295 1516 2068 1567; baseline 0.001 -12"><span class='ocrx_word' id='word_1_174' title='bbox 295 1516 572 1557; x_wconf 87' lang='lat' dir='ltr'>certissima.</span> <span class='ocrx_word' id='word_1_175' title='bbox 621 1517 741 1567; x_wconf 90' lang='lat' dir='ltr'>quod</span> <span class='ocrx_word' id='word_1_176' title='bbox 789 1520 979 1567; x_wconf 88' lang='lat' dir='ltr'>propter</span> <span class='ocrx_word' id='word_1_177' title='bbox 1022 1528 1227 1557; x_wconf 88' lang='lat' dir='ltr'>amorem</span> <span class='ocrx_word' id='word_1_178' title='bbox 1275 1519 1315 1555; x_wconf 83' lang='lat' dir='ltr'>et</span> <span class='ocrx_word' id='word_1_179' title='bbox 1366 1516 1627 1556; x_wconf 81' lang='lat' dir='ltr'>caritatem.</span> <span class='ocrx_word' id='word_1_180' title='bbox 1671 1528 1808 1565; x_wconf 89' lang='lat' dir='ltr'>quam</span> <span class='ocrx_word' id='word_1_181' title='bbox 1852 1516 2068 1557; x_wconf 79' lang='lat' dir='ltr'>continue</span> 
     </span>
     <span class='ocr_line' id='line_1_21' title="bbox 294 1587 2068 1638; baseline 0.001 -13"><span class='ocrx_word' id='word_1_182' title='bbox 294 1587 635 1628; x_wconf 86' lang='lat' dir='ltr'>demonstravit</span> <span class='ocrx_word' id='word_1_183' title='bbox 673 1590 714 1627; x_wconf 87' lang='lat' dir='ltr'>et</span> <span class='ocrx_word' id='word_1_184' title='bbox 754 1588 911 1628; x_wconf 88' lang='lat' dir='ltr'>habuit</span> <span class='ocrx_word' id='word_1_185' title='bbox 948 1600 1058 1638; x_wconf 80' lang='lat' dir='ltr'>erga</span> <span class='ocrx_word' id='word_1_186' title='bbox 1100 1590 1312 1627; x_wconf 81' lang='lat' dir='ltr'>nostruin</span> <span class='ocrx_word' id='word_1_187' title='bbox 1350 1587 1600 1627; x_wconf 90' lang='lat' dir='ltr'>dominium</span> <span class='ocrx_word' id='word_1_188' title='bbox 1637 1589 1681 1625; x_wconf 89' lang='lat' dir='ltr'>et</span> <span class='ocrx_word' id='word_1_189' title='bbox 1718 1590 1907 1637; x_wconf 88' lang='lat' dir='ltr'>propter</span> <span class='ocrx_word' id='word_1_190' title='bbox 1940 1599 2068 1627; x_wconf 87' lang='lat' dir='ltr'>reve-</span> 
     </span>
     <span class='ocr_line' id='line_1_22' title="bbox 295 1658 2067 1710; baseline -0.001 -12"><span class='ocrx_word' id='word_1_191' title='bbox 295 1659 494 1699; x_wconf 87' lang='lat' dir='ltr'>renciam</span> <span class='ocrx_word' id='word_1_192' title='bbox 522 1662 565 1699; x_wconf 87' lang='lat' dir='ltr'>et</span> <span class='ocrx_word' id='word_1_193' title='bbox 596 1660 903 1700; x_wconf 86' lang='lat' dir='ltr'>dilectionem.</span> <span class='ocrx_word' id='word_1_194' title='bbox 940 1672 1074 1710; x_wconf 85' lang='lat' dir='ltr'>quam</span> <span class='ocrx_word' id='word_1_195' title='bbox 1106 1671 1290 1708; x_wconf 83' lang='lat' dir='ltr'>semper</span> <span class='ocrx_word' id='word_1_196' title='bbox 1321 1658 1568 1698; x_wconf 89' lang='lat' dir='ltr'>habuimus</span> <span class='ocrx_word' id='word_1_197' title='bbox 1592 1670 1701 1707; x_wconf 80' lang='lat' dir='ltr'>erga</span> <span class='ocrx_word' id='word_1_198' title='bbox 1736 1659 2067 1699; x_wconf 86' lang='lat' dir='ltr'>reverendissi-</span> 
     </span>
     <span class='ocr_line' id='line_1_23' title="bbox 294 1729 2067 1780; baseline 0.001 -11"><span class='ocrx_word' id='word_1_199' title='bbox 294 1742 416 1770; x_wconf 86' lang='lat' dir='ltr'>mam</span> <span class='ocrx_word' id='word_1_200' title='bbox 467 1731 797 1780; x_wconf 71' lang='lat' dir='ltr'>paternitatem</span> <span class='ocrx_word' id='word_1_201' title='bbox 846 1743 994 1771; x_wconf 87' lang='lat' dir='ltr'>suam.</span> <span class='ocrx_word' id='word_1_202' title='bbox 1043 1731 1293 1776; x_wconf 73' lang='lat' dir='ltr'>velemus³)</span> <span class='ocrx_word' id='word_1_203' title='bbox 1339 1729 1721 1780; x_wconf 51' lang='lat' dir='ltr'>seinpe1·*t&#39;a(·e1·e</span> <span class='ocrx_word' id='word_1_204' title='bbox 1768 1730 1935 1769; x_wconf 87' lang='lat' dir='ltr'>onmia.</span> <span class='ocrx_word' id='word_1_205' title='bbox 1982 1742 2067 1780; x_wconf 89' lang='lat' dir='ltr'>que</span> 
     </span>
     <span class='ocr_line' id='line_1_24' title="bbox 294 1795 2068 1852; baseline 0.001 -12"><span class='ocrx_word' id='word_1_206' title='bbox 294 1805 483 1851; x_wconf 85' lang='lat' dir='ltr'>possent</span> <span class='ocrx_word' id='word_1_207' title='bbox 521 1802 576 1841; x_wconf 92' lang='lat' dir='ltr'>ad</span> <span class='ocrx_word' id='word_1_208' title='bbox 624 1803 790 1842; x_wconf 88' lang='lat' dir='ltr'>bonum</span> <span class='ocrx_word' id='word_1_209' title='bbox 827 1807 871 1842; x_wconf 86' lang='lat' dir='ltr'>et</span> <span class='ocrx_word' id='word_1_210' title='bbox 918 1802 1158 1852; x_wconf 83' lang='lat' dir='ltr'>pacificum</span> <span class='ocrx_word' id='word_1_211' title='bbox 1205 1795 1429 1845; x_wconf 75' lang='lat' dir='ltr'>statiini¹&#39;)</span> <span class='ocrx_word' id='word_1_212' title='bbox 1477 1804 1640 1841; x_wconf 85' lang='lat' dir='ltr'>sancte</span> <span class='ocrx_word' id='word_1_213' title='bbox 1674 1801 1840 1841; x_wconf 87' lang='lat' dir='ltr'>matris</span> <span class='ocrx_word' id='word_1_214' title='bbox 1874 1801 2068 1842; x_wconf 87' lang='lat' dir='ltr'>ecclesie</span> 
     </span>
     <span class='ocr_line' id='line_1_25' title="bbox 293 1872 2066 1922; baseline 0.001 -11"><span class='ocrx_word' id='word_1_215' title='bbox 293 1877 336 1911; x_wconf 93' lang='lat' dir='ltr'>et</span> <span class='ocrx_word' id='word_1_216' title='bbox 368 1872 425 1912; x_wconf 87' lang='lat' dir='ltr'>ad</span> <span class='ocrx_word' id='word_1_217' title='bbox 459 1873 679 1913; x_wconf 84' lang='lat' dir='ltr'>honorem</span> <span class='ocrx_word' id='word_1_218' title='bbox 711 1879 753 1912; x_wconf 86' lang='lat' dir='ltr'>et</span> <span class='ocrx_word' id='word_1_219' title='bbox 792 1873 1034 1914; x_wconf 67' lang='lat' dir='ltr'>‹fomodum</span> <span class='ocrx_word' id='word_1_220' title='bbox 1073 1885 1154 1913; x_wconf 88' lang='lat' dir='ltr'>sue</span> <span class='ocrx_word' id='word_1_221' title='bbox 1191 1873 1577 1913; x_wconf 72' lang='lat' dir='ltr'>reverendissime</span> <span class='ocrx_word' id='word_1_222' title='bbox 1610 1872 1925 1922; x_wconf 82' lang='lat' dir='ltr'>paternitatis.</span> <span class='ocrx_word' id='word_1_223' title='bbox 1981 1872 2066 1913; x_wconf 78' lang='lat' dir='ltr'>Sed</span> 
     </span>
     <span class='ocr_line' id='line_1_26' title="bbox 294 1943 2068 1994; baseline 0.001 -13"><span class='ocrx_word' id='word_1_224' title='bbox 294 1944 397 1993; x_wconf 88' lang='lat' dir='ltr'>quia</span> <span class='ocrx_word' id='word_1_225' title='bbox 445 1944 525 1983; x_wconf 87' lang='lat' dir='ltr'>hec</span> <span class='ocrx_word' id='word_1_226' title='bbox 575 1944 668 1983; x_wconf 86' lang='lat' dir='ltr'>tieri</span> <span class='ocrx_word' id='word_1_227' title='bbox 717 1956 803 1984; x_wconf 93' lang='lat' dir='ltr'>non</span> <span class='ocrx_word' id='word_1_228' title='bbox 856 1951 1048 1994; x_wconf 84' lang='lat' dir='ltr'>possent</span> <span class='ocrx_word' id='word_1_229' title='bbox 1098 1945 1196 1983; x_wconf 91' lang='lat' dir='ltr'>sine</span> <span class='ocrx_word' id='word_1_230' title='bbox 1245 1944 1486 1983; x_wconf 88' lang='lat' dir='ltr'>voluntate</span> <span class='ocrx_word' id='word_1_231' title='bbox 1533 1944 1818 1983; x_wconf 88' lang='lat' dir='ltr'>sanctissimi</span> <span class='ocrx_word' id='word_1_232' title='bbox 1865 1943 1904 1983; x_wconf 85' lang='lat' dir='ltr'>d.</span> <span class='ocrx_word' id='word_1_233' title='bbox 1954 1955 2068 1994; x_wconf 89' lang='lat' dir='ltr'>pape</span> 
     </span>
     <span class='ocr_line' id='line_1_27' title="bbox 294 2014 2068 2065; baseline 0 -12"><span class='ocrx_word' id='word_1_234' title='bbox 294 2015 492 2054; x_wconf 80' lang='lat' dir='ltr'>Martini.</span> <span class='ocrx_word' id='word_1_235' title='bbox 527 2015 884 2055; x_wconf 65' lang='lat' dir='ltr'>deliberavimus</span> <span class='ocrx_word' id='word_1_236' title='bbox 923 2016 1035 2054; x_wconf 85' lang='lat' dir='ltr'>velle</span> <span class='ocrx_word' id='word_1_237' title='bbox 1080 2015 1337 2065; x_wconf 88' lang='lat' dir='ltr'>presentire</span> <span class='ocrx_word' id='word_1_238' title='bbox 1382 2015 1690 2055; x_wconf 86' lang='lat' dir='ltr'>intencionem</span> <span class='ocrx_word' id='word_1_239' title='bbox 1733 2014 1842 2055; x_wconf 86' lang='lat' dir='ltr'>dicti</span> <span class='ocrx_word' id='word_1_240' title='bbox 1877 2015 1916 2054; x_wconf 84' lang='lat' dir='ltr'>d.</span> <span class='ocrx_word' id='word_1_241' title='bbox 1955 2027 2068 2065; x_wconf 85' lang='lat' dir='ltr'>pape.</span> 
     </span>
     <span class='ocr_line' id='line_1_28' title="bbox 295 2085 2068 2136; baseline 0.001 -13"><span class='ocrx_word' id='word_1_242' title='bbox 295 2085 492 2128; x_wconf 74' lang='lat' dir='ltr'>Martini.</span> <span class='ocrx_word' id='word_1_243' title='bbox 528 2098 662 2136; x_wconf 90' lang='lat' dir='ltr'>quam</span> <span class='ocrx_word' id='word_1_244' title='bbox 701 2086 1052 2135; x_wconf 80' lang='lat' dir='ltr'>procurabimus</span> <span class='ocrx_word' id='word_1_245' title='bbox 1088 2086 1220 2126; x_wconf 86' lang='lat' dir='ltr'>scire.</span> <span class='ocrx_word' id='word_1_246' title='bbox 1265 2092 1304 2125; x_wconf 88' lang='lat' dir='ltr'>et</span> <span class='ocrx_word' id='word_1_247' title='bbox 1347 2098 1426 2135; x_wconf 85' lang='lat' dir='ltr'>per</span> <span class='ocrx_word' id='word_1_248' title='bbox 1468 2086 1635 2125; x_wconf 84' lang='lat' dir='ltr'>bonum</span> <span class='ocrx_word' id='word_1_249' title='bbox 1673 2086 1859 2126; x_wconf 88' lang='lat' dir='ltr'>modum</span> <span class='ocrx_word' id='word_1_250' title='bbox 1896 2086 2068 2125; x_wconf 74' lang='lat' dir='ltr'>sentire</span> 
     </span>
     <span class='ocr_line' id='line_1_29' title="bbox 293 2156 2066 2207; baseline 0.002 -14"><span class='ocrx_word' id='word_1_251' title='bbox 293 2158 337 2195; x_wconf 87' lang='lat' dir='ltr'>et</span> <span class='ocrx_word' id='word_1_252' title='bbox 373 2156 533 2196; x_wconf 88' lang='lat' dir='ltr'>habita</span> <span class='ocrx_word' id='word_1_253' title='bbox 569 2157 829 2197; x_wconf 76' lang='lat' dir='ltr'>intencione</span> <span class='ocrx_word' id='word_1_254' title='bbox 854 2170 936 2197; x_wconf 86' lang='lat' dir='ltr'>sue</span> <span class='ocrx_word' id='word_1_255' title='bbox 961 2157 1231 2197; x_wconf 88' lang='lat' dir='ltr'>sanctitatis</span> <span class='ocrx_word' id='word_1_256' title='bbox 1261 2169 1342 2196; x_wconf 89' lang='lat' dir='ltr'>sue</span> <span class='ocrx_word' id='word_1_257' title='bbox 1370 2157 1759 2203; x_wconf 71' lang='lat' dir='ltr'>reverendissime</span> <span class='ocrx_word' id='word_1_258' title='bbox 1794 2157 2066 2207; x_wconf 85' lang='lat' dir='ltr'>paternitati</span> 
     </span>
     <span class='ocr_line' id='line_1_30' title="bbox 296 2228 1635 2279; baseline 0 -13"><span class='ocrx_word' id='word_1_259' title='bbox 296 2228 692 2277; x_wconf 78' lang='lat' dir='ltr'>respondebimus,</span> <span class='ocrx_word' id='word_1_260' title='bbox 728 2229 845 2268; x_wconf 85' lang='lat' dir='ltr'>sicut</span> <span class='ocrx_word' id='word_1_261' title='bbox 882 2228 1138 2268; x_wconf 85' lang='lat' dir='ltr'>videbimus</span> <span class='ocrx_word' id='word_1_262' title='bbox 1175 2232 1485 2279; x_wconf 78' lang='lat' dir='ltr'>opportulnnn</span> <span class='ocrx_word' id='word_1_263' title='bbox 1523 2228 1635 2267; x_wconf 84' lang='lat' dir='ltr'>fore.</span> 
     </span>
    </p>
   </div>
   <div class='ocr_carea' id='block_1_3' title="bbox 292 2323 2067 2943">
    <p class='ocr_par' dir='ltr' id='par_1_3' title="bbox 292 2323 2067 2943">
     <span class='ocr_line' id='line_1_31' title="bbox 413 2323 2065 2373; baseline -0.001 -10"><span class='ocrx_word' id='word_1_264' title='bbox 413 2324 721 2364; x_wconf 77' lang='lat' dir='ltr'>Sanctissimo</span> <span class='ocrx_word' id='word_1_265' title='bbox 747 2329 901 2363; x_wconf 86' lang='lat' dir='ltr'>autem</span> <span class='ocrx_word' id='word_1_266' title='bbox 928 2335 1044 2373; x_wconf 90' lang='lat' dir='ltr'>pape</span> <span class='ocrx_word' id='word_1_267' title='bbox 1071 2323 1268 2363; x_wconf 79' lang='lat' dir='ltr'>Martino</span> <span class='ocrx_word' id='word_1_268' title='bbox 1294 2323 1523 2363; x_wconf 72' lang='lat' dir='ltr'>notificari</span> <span class='ocrx_word' id='word_1_269' title='bbox 1553 2323 1718 2363; x_wconf 88' lang='lat' dir='ltr'>debeat</span> <span class='ocrx_word' id='word_1_270' title='bbox 1748 2335 1828 2373; x_wconf 91' lang='lat' dir='ltr'>per</span> <span class='ocrx_word' id='word_1_271' title='bbox 1850 2323 2065 2363; x_wconf 89' lang='lat' dir='ltr'>nuncium</span> 
     </span>
     <span class='ocr_line' id='line_1_32' title="bbox 292 2393 2064 2445; baseline -0.001 -11"><span class='ocrx_word' id='word_1_272' title='bbox 292 2398 503 2435; x_wconf 86' lang='lat' dir='ltr'>nostrum</span> <span class='ocrx_word' id='word_1_273' title='bbox 531 2398 781 2435; x_wconf 86' lang='lat' dir='ltr'>secretum.</span> <span class='ocrx_word' id='word_1_274' title='bbox 817 2395 1016 2445; x_wconf 76' lang='lat' dir='ltr'>qualiter</span> <span class='ocrx_word' id='word_1_275' title='bbox 1040 2395 1079 2434; x_wconf 88' lang='lat' dir='ltr'>d.</span> <span class='ocrx_word' id='word_1_276' title='bbox 1109 2395 1329 2435; x_wconf 74' lang='lat' dir='ltr'>Haldesar</span> <span class='ocrx_word' id='word_1_277' title='bbox 1353 2395 1499 2435; x_wconf 73' lang='lat' dir='ltr'>(¹ossa</span> <span class='ocrx_word' id='word_1_278' title='bbox 1525 2395 1694 2445; x_wconf 84' lang='lat' dir='ltr'>requiri</span> <span class='ocrx_word' id='word_1_279' title='bbox 1718 2393 1825 2435; x_wconf 84' lang='lat' dir='ltr'>fecit</span> <span class='ocrx_word' id='word_1_280' title='bbox 1852 2396 2064 2434; x_wconf 89' lang='lat' dir='ltr'>nostrum</span> 
     </span>
     <span class='ocr_line' id='line_1_33' title="bbox 293 2464 2064 2517; baseline -0.001 -12"><span class='ocrx_word' id='word_1_281' title='bbox 293 2466 558 2507; x_wconf 87' lang='lat' dir='ltr'>dominium.</span> <span class='ocrx_word' id='word_1_282' title='bbox 593 2470 639 2506; x_wconf 90' lang='lat' dir='ltr'>ut</span> <span class='ocrx_word' id='word_1_283' title='bbox 669 2466 877 2506; x_wconf 89' lang='lat' dir='ltr'>vellimus</span> <span class='ocrx_word' id='word_1_284' title='bbox 902 2478 988 2506; x_wconf 85' lang='lat' dir='ltr'>nos</span> <span class='ocrx_word' id='word_1_285' title='bbox 1022 2466 1318 2516; x_wconf 86' lang='lat' dir='ltr'>interponere</span> <span class='ocrx_word' id='word_1_286' title='bbox 1343 2466 1399 2506; x_wconf 89' lang='lat' dir='ltr'>ad</span> <span class='ocrx_word' id='word_1_287' title='bbox 1426 2464 1765 2517; x_wconf 76' lang='lat' dir='ltr'>concordiuni²¹)</span> <span class='ocrx_word' id='word_1_288' title='bbox 1787 2466 1909 2505; x_wconf 90' lang='lat' dir='ltr'>inter</span> <span class='ocrx_word' id='word_1_289' title='bbox 1933 2477 2064 2505; x_wconf 82' lang='lat' dir='ltr'>suam</span> 
     </span>
     <span class='ocr_line' id='line_1_34' title="bbox 294 2535 2063 2587; baseline -0.001 -11"><span class='ocrx_word' id='word_1_290' title='bbox 294 2537 595 2577; x_wconf 87' lang='lat' dir='ltr'>sanctitatem</span> <span class='ocrx_word' id='word_1_291' title='bbox 634 2540 676 2576; x_wconf 86' lang='lat' dir='ltr'>et</span> <span class='ocrx_word' id='word_1_292' title='bbox 704 2537 743 2576; x_wconf 88' lang='lat' dir='ltr'>d.</span> <span class='ocrx_word' id='word_1_293' title='bbox 770 2537 1067 2577; x_wconf 73' lang='lat' dir='ltr'>Haldesarem</span> <span class='ocrx_word' id='word_1_294' title='bbox 1107 2537 1376 2587; x_wconf 87' lang='lat' dir='ltr'>predictum.</span> <span class='ocrx_word' id='word_1_295' title='bbox 1435 2537 1486 2576; x_wconf 80' lang='lat' dir='ltr'>Et</span> <span class='ocrx_word' id='word_1_296' title='bbox 1526 2537 1837 2576; x_wconf 85' lang='lat' dir='ltr'>intelleximus</span> <span class='ocrx_word' id='word_1_297' title='bbox 1872 2535 2063 2576; x_wconf 87' lang='lat' dir='ltr'>eundem</span> 
     </span>
     <span class='ocr_line' id='line_1_35' title="bbox 294 2607 2066 2658; baseline 0 -12"><span class='ocrx_word' id='word_1_298' title='bbox 294 2608 332 2646; x_wconf 87' lang='lat' dir='ltr'>d.</span> <span class='ocrx_word' id='word_1_299' title='bbox 370 2607 664 2648; x_wconf 79' lang='lat' dir='ltr'>Baldesarem</span> <span class='ocrx_word' id='word_1_300' title='bbox 703 2609 849 2648; x_wconf 75' lang='lat' dir='ltr'>(‘ossa</span> <span class='ocrx_word' id='word_1_301' title='bbox 895 2620 945 2648; x_wconf 89' lang='lat' dir='ltr'>se</span> <span class='ocrx_word' id='word_1_302' title='bbox 989 2608 1230 2648; x_wconf 81' lang='lat' dir='ltr'>reduxisse</span> <span class='ocrx_word' id='word_1_303' title='bbox 1275 2610 1543 2648; x_wconf 64' lang='lat' dir='ltr'>Sarzanam.</span> <span class='ocrx_word' id='word_1_304' title='bbox 1586 2611 1629 2647; x_wconf 89' lang='lat' dir='ltr'>et</span> <span class='ocrx_word' id='word_1_305' title='bbox 1677 2607 1914 2658; x_wconf 87' lang='lat' dir='ltr'>cupient-es</span> <span class='ocrx_word' id='word_1_306' title='bbox 1949 2613 2066 2647; x_wconf 86' lang='lat' dir='ltr'>tam-</span> 
     </span>
     <span class='ocr_line' id='line_1_36' title="bbox 294 2678 2067 2728; baseline 0.001 -13"><span class='ocrx_word' id='word_1_307' title='bbox 294 2690 429 2728; x_wconf 83' lang='lat' dir='ltr'>quam</span> <span class='ocrx_word' id='word_1_308' title='bbox 475 2678 549 2717; x_wconf 77' lang='lat' dir='ltr'>filii</span> <span class='ocrx_word' id='word_1_309' title='bbox 594 2679 885 2718; x_wconf 78' lang='lat' dir='ltr'>devotissimi</span> <span class='ocrx_word' id='word_1_310' title='bbox 933 2683 1096 2719; x_wconf 89' lang='lat' dir='ltr'>sancte</span> <span class='ocrx_word' id='word_1_311' title='bbox 1140 2680 1304 2719; x_wconf 88' lang='lat' dir='ltr'>matris</span> <span class='ocrx_word' id='word_1_312' title='bbox 1351 2679 1546 2719; x_wconf 88' lang='lat' dir='ltr'>ecclesie</span> <span class='ocrx_word' id='word_1_313' title='bbox 1580 2683 1624 2718; x_wconf 89' lang='lat' dir='ltr'>et</span> <span class='ocrx_word' id='word_1_314' title='bbox 1671 2678 1942 2719; x_wconf 86' lang='lat' dir='ltr'>sanctitatis</span> <span class='ocrx_word' id='word_1_315' title='bbox 1986 2689 2067 2718; x_wconf 86' lang='lat' dir='ltr'>sue</span> 
     </span>
     <span class='ocr_line' id='line_1_37' title="bbox 295 2749 2064 2799; baseline 0 -12"><span class='ocrx_word' id='word_1_316' title='bbox 295 2749 533 2798; x_wconf 83' lang='lat' dir='ltr'>pacificum</span> <span class='ocrx_word' id='word_1_317' title='bbox 580 2754 757 2789; x_wconf 88' lang='lat' dir='ltr'>statum</span> <span class='ocrx_word' id='word_1_318' title='bbox 803 2750 997 2790; x_wconf 85' lang='lat' dir='ltr'>ecclesie</span> <span class='ocrx_word' id='word_1_319' title='bbox 1041 2754 1204 2791; x_wconf 89' lang='lat' dir='ltr'>sancte</span> <span class='ocrx_word' id='word_1_320' title='bbox 1246 2750 1341 2791; x_wconf 88' lang='lat' dir='ltr'>Dei.</span> <span class='ocrx_word' id='word_1_321' title='bbox 1391 2750 1584 2790; x_wconf 86' lang='lat' dir='ltr'>libenter</span> <span class='ocrx_word' id='word_1_322' title='bbox 1622 2750 1900 2790; x_wconf 82' lang='lat' dir='ltr'>videremus.</span> <span class='ocrx_word' id='word_1_323' title='bbox 1946 2749 2064 2799; x_wconf 89' lang='lat' dir='ltr'>quod</span> 
     </span>
     <span class='ocr_line' id='line_1_38' title="bbox 293 2820 2065 2870; baseline 0 -11"><span class='ocrx_word' id='word_1_324' title='bbox 293 2821 414 2860; x_wconf 89' lang='lat' dir='ltr'>inter</span> <span class='ocrx_word' id='word_1_325' title='bbox 448 2821 750 2861; x_wconf 77' lang='lat' dir='ltr'>sanctitatem</span> <span class='ocrx_word' id='word_1_326' title='bbox 796 2833 927 2861; x_wconf 91' lang='lat' dir='ltr'>suam</span> <span class='ocrx_word' id='word_1_327' title='bbox 964 2824 1008 2861; x_wconf 92' lang='lat' dir='ltr'>et</span> <span class='ocrx_word' id='word_1_328' title='bbox 1044 2821 1083 2861; x_wconf 85' lang='lat' dir='ltr'>d.</span> <span class='ocrx_word' id='word_1_329' title='bbox 1119 2822 1159 2861; x_wconf 80' lang='lat' dir='ltr'>d.</span> <span class='ocrx_word' id='word_1_330' title='bbox 1196 2821 1491 2862; x_wconf 79' lang='lat' dir='ltr'>Baldesarenl</span> <span class='ocrx_word' id='word_1_331' title='bbox 1536 2821 1837 2861; x_wconf 83' lang='lat' dir='ltr'>interveniret</span> <span class='ocrx_word' id='word_1_332' title='bbox 1884 2820 2065 2870; x_wconf 88' lang='lat' dir='ltr'>aliquod</span> 
     </span>
     <span class='ocr_line' id='line_1_39' title="bbox 295 2891 2066 2943; baseline -0.001 -13"><span class='ocrx_word' id='word_1_333' title='bbox 295 2891 591 2931; x_wconf 84' lang='lat' dir='ltr'>concordium</span> <span class='ocrx_word' id='word_1_334' title='bbox 617 2895 661 2932; x_wconf 92' lang='lat' dir='ltr'>et</span> <span class='ocrx_word' id='word_1_335' title='bbox 688 2893 902 2937; x_wconf 64' lang='lat' dir='ltr'>mediunr</span> <span class='ocrx_word' id='word_1_336' title='bbox 931 2905 1011 2943; x_wconf 91' lang='lat' dir='ltr'>per</span> <span class='ocrx_word' id='word_1_337' title='bbox 1035 2892 1156 2943; x_wconf 87' lang='lat' dir='ltr'>quod</span> <span class='ocrx_word' id='word_1_338' title='bbox 1180 2894 1503 2933; x_wconf 81' lang='lat' dir='ltr'>removeretur</span> <span class='ocrx_word' id='word_1_339' title='bbox 1525 2903 1660 2932; x_wconf 89' lang='lat' dir='ltr'>omne</span> <span class='ocrx_word' id='word_1_340' title='bbox 1685 2891 1869 2931; x_wconf 85' lang='lat' dir='ltr'>dubium</span> <span class='ocrx_word' id='word_1_341' title='bbox 1896 2891 2066 2931; x_wconf 87' lang='lat' dir='ltr'>erroris</span> 
     </span>
    </p>
   </div>
   <div class='ocr_carea' id='block_1_4' title="bbox 412 3052 883 3087">
    <p class='ocr_par' dir='ltr' id='par_1_4' title="bbox 412 3052 883 3087">
     <span class='ocr_line' id='line_1_40' title="bbox 412 3052 883 3087; baseline 0.004 -9"><span class='ocrx_word' id='word_1_342' title='bbox 412 3056 443 3086; x_wconf 75' lang='lat' dir='ltr'>a)</span> <span class='ocrx_word' id='word_1_343' title='bbox 464 3052 506 3080; x_wconf 80' lang='lat' dir='ltr'>So</span> <span class='ocrx_word' id='word_1_344' title='bbox 529 3053 583 3080; x_wconf 83' lang='lat' dir='ltr'>lls.</span> <span class='ocrx_word' id='word_1_345' title='bbox 624 3053 655 3087; x_wconf 84' lang='lat' dir='ltr'>b)</span> <span class='ocrx_word' id='word_1_346' title='bbox 677 3058 789 3079; x_wconf 68' lang='lat' dir='ltr'>status</span> <span class='ocrx_word' id='word_1_347' title='bbox 813 3053 883 3084; x_wconf 66' lang='lat' dir='ltr'>ll&#39;cft.</span> 
     </span>
    </p>
   </div>
  </div>
 </body>
</html>
