2178 3404
575 181 666 214 Karl
695 181 911 213 Malatesta
938 189 986 211 an
1015 177 1205 210 Benedikt
1235 176 1333 209 XIII.
1762 163 1850 204 345

76 296 154 334 aut
190 292 420 333 inhonesti
455 290 694 340 turpisque
719 288 889 328 federis
925 286 1142 336 contagio
1179 285 1411 326 caruisset
1444 287 1521 328 aut
1547 282 1848 333 turpitudinis

76 364 267 415 opinatu
302 393 309 401 .
345 393 353 401 .
390 394 397 402 .
433 360 548 411 Quid
591 360 677 399 heu
713 359 767 398 de
801 358 889 400 illo.
933 358 1006 407 qui
1042 357 1179 407 longo
1223 357 1437 396 invasum
1477 356 1848 404 occupatumque

76 437 285 484 tempore
320 431 641 473 sacerdocium
683 429 770 469 nisi
806 428 1011 468 infausta
1053 430 1275 477 preeunte
1311 425 1523 466 mercede
1566 424 1849 464 dimisisset?

77 504 277 545 Cessant
310 501 576 543 omnimodo
611 501 694 541 hec
728 502 771 539 et
808 499 990 548 utrique
1025 509 1193 537 munus
1218 497 1414 537 offertur
1447 495 1621 535 liberali
1656 506 1711 535 ex
1746 505 1848 544 gra-

76 574 286 616 titudinis
321 573 496 624 premio
531 574 579 612 et
612 570 836 621 penitenti
871 581 927 609 ex
961 568 1257 608 liberalitatis
1292 565 1418 607 licito
1453 577 1656 606 munere.
1720 565 1849 605 Nunc

77 646 343 695 contingam
379 643 631 684 utilitatem
667 639 969 682 conveniendi
1009 639 1203 689 collegia
1236 638 1280 677 in
1324 649 1464 678 unum
1498 639 1542 677 et
1579 636 1851 687 disponendi

77 727 215 767 super
238 715 462 756 electione
487 712 629 753 futuri
664 711 911 762 pontificis.
958 709 1181 759 Transeo,
1216 709 1255 749 si
1280 709 1463 749 dicatur
1490 708 1684 757 collegia
1712 718 1851 757 posse

77 787 321 837 disponere
344 784 530 835 propria
550 782 774 833 collegiali
795 781 1080 822 auctoritate
1101 779 1403 820 cardinalium
1429 781 1475 819 et
1494 773 1850 829 scismat[ic]um

77 869 188 898 vero
241 856 489 897 adnectere
538 856 677 905 atque
729 853 787 893 ad
837 852 1113 892 electionem
1160 850 1408 891 admittere
1602 847 1852 889 Prohibent

78 927 376 977 Clementine,
417 926 654 966 decretum
700 924 745 964 in
780 922 981 974 capitulo
1027 921 1105 973 ,Ne
1148 917 1412 970 Romani⁴,¹)
1454 920 1598 969 cuius,
1638 919 1852 969 quamvis

77 998 220 1039 verba
253 999 411 1038 vestre
445 996 589 1036 menti
623 996 802 1035 inserta
836 995 1008 1044 putem,
1051 992 1108 1033 ad
1142 992 1364 1032 maiorem
1400 993 1557 1031 tamen
1592 989 1852 1040 expressio—

76 1081 181 1110 nem
214 1068 434 1109 referam:
476 1067 600 1118 ,Nos
640 1067 761 1106 inter
795 1068 951 1105 cetera
986 1064 1201 1114 precipue
1236 1062 1550 1111 attendentes,
1585 1060 1706 1111 quod
1739 1059 1854 1107 lexa)

78 1139 332 1191 superioris
365 1150 446 1189 per
477 1138 742 1178 inferiorem
778 1136 874 1177 tolli
907 1147 998 1176 non
1022 1136 1196 1186 potest,
1231 1134 1492 1184 opinionem
1528 1125 1854 1181 construe1·e,‘³)

79 1211 202 1251 sicut·
236 1210 502 1260 accepimus
527 1210 840 1259 satagentem,
875 1206 996 1257 quod
1020 1205 1302 1247 constitucio
1336 1203 1484 1244 felicis
1508 1202 1852 1244 recordacionis

79 1280 287 1332 Gregorii
319 1292 437 1331 pape
469 1279 522 1319 X.
565 1278 912 1330 predecessoris
953 1277 1106 1317 nostri
1146 1276 1269 1317 circa¹
1303 1275 1577 1316 electionem
1620 1272 1853 1324 prefatam

79 1352 205 1393 edita
250 1352 295 1391 in
341 1351 534 1392 concilio
582 1344 919 1400 Lugdunensi'2)
970 1359 1050 1398 per
1096 1350 1247 1388 cetum
1298 1345 1597 1386 cardinalium
1645 1344 1853 1385 Romane

78 1422 273 1464 ecclesie
306 1422 408 1473 ipsa
441 1423 642 1462 vacante
685 1419 941 1461 modificari
977 1418 1141 1469 possit,
1185 1417 1353 1467 corrigi
1388 1416 1458 1456 vel
1502 1415 1739 1456 immutari
1774 1416 1855 1454 aut

79 1493 328 1544 quidquam
362 1493 402 1534 ei
435 1492 617 1534 detrahi
659 1492 758 1533 sive
792 1491 895 1532 addi
930 1491 1002 1531 vel
1046 1489 1305 1540 dispensari
1350 1486 1697 1539 quomodolibet
1731 1486 1855 1527 circa

80 1564 231 1614 ipsam
265 1575 348 1604 seu
382 1563 581 1615 aliquam
616 1563 714 1603 eius
750 1564 944 1613 partem,
980 1564 1061 1602 aut
1094 1560 1241 1601 eidem
1276 1560 1422 1600 eciam
1458 1557 1742 1598 renunctiari
1776 1568 1856 1607 per

80 1646 184 1675 eum
218 1637 459 1685 tamquam
494 1634 682 1674 veritati
707 1645 799 1673 non
835 1644 1090 1673 consonam
1125 1631 1180 1671 de
1213 1630 1412 1671 fratrum
1442 1631 1713 1669 nostrorum
1749 1639 1855 1667 con-

80 1705 181 1746 silio
215 1705 534 1756 reprobamus,
576 1705 757 1745 irritum
800 1703 1139 1743 nichillominus
1183 1701 1488 1741 decernentes
1530 1699 1745 1750 quicquid
1777 1710 1856 1748 po-

81 1776 275 1817 testatis
321 1778 400 1817 aut
449 1775 783 1816 iurisdictionis
833 1774 891 1815 ad
935 1773 1212 1814 Romanum.
1259 1772 1365 1811 dum
1413 1771 1541 1820 vivit,
1590 1768 1862 1821 pontificem

80 1847 371 1897 pertinentis,
416 1847 505 1887 nisi
550 1847 779 1897 quatenus
825 1846 869 1885 in
917 1844 1259 1885 constitucione
1303 1842 1511 1893 predicta
1556 1840 1856 1891 permittitur,

82 1920 214 1958 cetus
247 1918 345 1968 ipse
388 1917 571 1958 duxerit
615 1916 776 1957 eadem
820 1917 1020 1957 vacante
1063 1914 1261 1955 ecclesia
1305 1908 1643 1954 exercendum‘.
1717 1910 1783 1950 Ac
1819 1911 1856 1950 si

82 1989 265 2029 dicatur
299 1988 491 2039 collegia
529 1987 613 2028 hec
656 1987 810 2028 facere
845 1986 1055 2037 potuisse
1100 1997 1203 2025 cum
1246 1986 1408 2024 vestra
1451 1983 1713 2033 dominique
1747 1980 1856 2022 Gre-

81 2059 197 2110 gorii
232 2059 533 2110 auctoritate,
577 2060 863 2109 compareat,
907 2056 1029 2108 quod
1060 2068 1152 2097 non
1195 2067 1251 2096 ex
1285 2054 1519 2105 orginaria
1553 2053 1700 2104 ipsius
1742 2052 1857 2092 uniti

83 2141 363 2181 quamquam
399 2129 577 2180 collegii
610 2128 930 2169 iurisdictione
973 2139 1053 2168 seu
1091 2125 1259 2177 officio,
1301 2138 1386 2166 nec
1426 2123 1665 2175 reprobari
1700 2125 1859 2174 potest

81 2201 232 2251 ipsum
268 2200 511 2241 concilium
546 2200 738 2240 minoris
781 2211 887 2239 esse
922 2197 1222 2240 auctoritatis
1267 2207 1415 2247 capax
1455 2195 1797 2236 auctorizatum
1832 2206 1857 2234 a

82 2270 215 2312 vobis
250 2270 399 2311 tribus
441 2272 486 2311 in
522 2273 655 2312 tanto
699 2270 939 2312 scismatis
983 2268 1119 2309 dubio
1154 2280 1293 2319 quam
1328 2267 1506 2317 collegii
1542 2265 1858 2315 cardinalium,

83 2342 204 2393 quod
237 2342 359 2383 sacri
394 2342 573 2383 concilii
613 2341 871 2382 membrum
907 2343 993 2391 est,
1037 2340 1076 2380 si
1110 2352 1136 2380 a
1171 2338 1396 2389 dominoc)
1430 2340 1512 2378 aut
1555 2336 1777 2387 Gregorio
1813 2338 1859 2376 et

84 2412 216 2453 vobis
250 2413 585 2454 auctoritatem
619 2412 875 2453 habuisset.
922 2411 1023 2451 Non
1058 2411 1209 2450 minus
1244 2412 1317 2449 set
1353 2409 1550 2459 amplius
1586 2419 1724 2458 quam
1759 2418 1858 2447 car-

83 2483 259 2524 dinales
303 2496 490 2524 sacrum
533 2483 657 2524 valet
701 2483 944 2523 concilium
988 2493 1127 2531 super
1172 2481 1397 2521 electione
1440 2479 1583 2519 futuri
1626 2477 1858 2529 pontificis

83 2554 326 2605 providere
359 2557 405 2595 et
440 2554 561 2595 circa
597 2553 895 2594 occurrencia
930 2553 1186 2603 disponere.
1261 2552 1476 2591 Ceterum
1512 2550 1550 2590 si
1583 2550 1858 2589 innovatum

83 2625 254 2666 fuisset
287 2628 365 2665 aut
408 2625 769 2675 interpretatum
804 2635 944 2674 super
976 2623 1200 2664 electione
1244 2621 1387 2662 futuri
1420 2620 1667 2672 pontificis,
1712 2620 1858 2660 incer-

85 2698 184 2736 tum
227 2698 343 2747 erat,
390 2691 480 2748 [an]
515 2695 714 2736 ecclesia
755 2694 1033 2735 universalis
1068 2694 1344 2734 inconsueto
1392 2692 1590 2733 electum
1634 2691 1771 2731 modo
1814 2690 1859 2730 in

85 2767 397 2807 universalem
432 2766 725 2816 suscepisset
749 2768 1001 2816 pastorem.
1052 2764 1242 2805 Certum
1276 2776 1388 2805 vero
1412 2775 1518 2804 esse
1552 2762 1703 2813 debet,
1738 2761 1859 2811 quod

86 2837 159 2878 ille
192 2837 249 2878 ab
284 2836 498 2878 omnibus
537 2837 773 2887 recipitur,
816 2836 891 2887 qui
925 2836 1150 2876 canonica
1191 2837 1239 2875 et
1273 2835 1506 2876 communi
1549 2832 1859 2884 disposicione

205 2974 237 3007 a)
259 2975 306 3001 Hs
328 2973 408 3008 sely!
429 2973 479 3000 ad.
518 2972 550 3006 b)
572 2973 619 3000 Hs
640 2972 828 2999 adstruere.
867 2972 895 3006 c)
918 2972 998 2999 Hier
1020 2971 1102 3006 fehlt
1121 2971 1207 2999 wohl
1227 2971 1392 2997 ι1011311110.

208 3021 232 3063 ¹)
263 3022 374 3057 Clem„
401 3023 426 3056 I
446 3023 470 3056 3
495 3022 550 3056 De
577 3022 751 3056 electione
776 3022 807 3055 2.

206 3080 232 3123 ²)
260 3081 284 3115 I
305 3082 328 3115 6
352 3092 378 3116 c.
405 3083 429 3117 3
454 3083 497 3116 in
527 3081 591 3116 VI.
