<?xml version="1.0" encoding="UTF-8"?>
<!DOCTYPE html PUBLIC "-//W3C//DTD XHTML 1.0 Transitional//EN"
    "http://www.w3.org/TR/xhtml1/DTD/xhtml1-transitional.dtd">
<html xmlns="http://www.w3.org/1999/xhtml" xml:lang="en" lang="en">
 <head>
  <title>
</title>
<meta http-equiv="Content-Type" content="text/html;charset=utf-8" />
  <meta name='ocr-system' content='tesseract 3.04.00' />
  <meta name='ocr-capabilities' content='ocr_page ocr_carea ocr_par ocr_line ocrx_word'/>
</head>
<body>
  <div class='ocr_page' id='page_1' title='image "./actaconciliicons03counuoft_0383.png"; bbox 0 0 2178 3404; ppageno 0'>
   <div class='ocr_carea' id='block_1_1' title="bbox 669 162 1917 214">
    <p class='ocr_par' dir='ltr' id='par_1_1' title="bbox 669 162 1917 214">
     <span class='ocr_line' id='line_1_1' title="bbox 669 162 1917 214; baseline -0.002 -10"><span class='ocrx_word' id='word_1_1' title='bbox 669 171 855 214; x_wconf 79' lang='lat' dir='ltr'>Anhang:</span> <span class='ocrx_word' id='word_1_2' title='bbox 883 170 959 203; x_wconf 87' lang='lat' dir='ltr'>Zur</span> <span class='ocrx_word' id='word_1_3' title='bbox 985 170 1113 211; x_wconf 86' lang='lat' dir='ltr'>,realis</span> <span class='ocrx_word' id='word_1_4' title='bbox 1141 168 1392 214; x_wconf 74' lang='lat' dir='ltr'>obediencia-⁶.</span> <span class='ocrx_word' id='word_1_5' title='bbox 1835 162 1917 203; x_wconf 81' lang='grc'>361</span> 
     </span>
    </p>
   </div>
   <div class='ocr_carea' id='block_1_2' title="bbox 142 280 1923 3023">
    <p class='ocr_par' dir='ltr' id='par_1_2' title="bbox 142 280 1923 2163">
     <span class='ocr_line' id='line_1_2' title="bbox 150 280 1919 330; baseline -0.003 -6"><span class='ocrx_word' id='word_1_6' title='bbox 150 283 370 324; x_wconf 89' lang='grc'><strong>0011011100</strong></span> <span class='ocrx_word' id='word_1_7' title='bbox 395 282 463 322; x_wconf 82' lang='lat' dir='ltr'>vel</span> <span class='ocrx_word' id='word_1_8' title='bbox 489 280 833 322; x_wconf 78' lang='lat' dir='ltr'>racionabiliter</span> <span class='ocrx_word' id='word_1_9' title='bbox 857 282 1085 329; x_wconf 85' lang='lat' dir='ltr'>tenerent,</span> <span class='ocrx_word' id='word_1_10' title='bbox 1121 280 1413 330; x_wconf 73' lang='lat' dir='ltr'>possiderent</span> <span class='ocrx_word' id='word_1_11' title='bbox 1441 280 1486 318; x_wconf 91' lang='lat' dir='ltr'>et</span> <span class='ocrx_word' id='word_1_12' title='bbox 1512 283 1798 324; x_wconf 75' lang='lat' dir='ltr'>exercerent,</span> <span class='ocrx_word' id='word_1_13' title='bbox 1824 292 1919 319; x_wconf 88' lang='grc'><strong>(1111-</strong></span> 
     </span>
     <span class='ocr_line' id='line_1_3' title="bbox 148 349 1920 402; baseline -0.002 -8"><span class='ocrx_word' id='word_1_14' title='bbox 148 365 231 394; x_wconf 89' lang='grc'><strong>1105</strong></span> <span class='ocrx_word' id='word_1_15' title='bbox 264 353 506 402; x_wconf 90' lang='lat' dir='ltr'>utriusque</span> <span class='ocrx_word' id='word_1_16' title='bbox 540 350 818 391; x_wconf 82' lang='lat' dir='ltr'>obediencie.</span> <span class='ocrx_word' id='word_1_17' title='bbox 884 350 939 390; x_wconf 89' lang='lat' dir='ltr'>Et</span> <span class='ocrx_word' id='word_1_18' title='bbox 976 350 1013 389; x_wconf 90' lang='lat' dir='ltr'>si</span> <span class='ocrx_word' id='word_1_19' title='bbox 1057 350 1110 390; x_wconf 90' lang='lat' dir='ltr'>de</span> <span class='ocrx_word' id='word_1_20' title='bbox 1155 349 1341 390; x_wconf 89' lang='lat' dir='ltr'>dominii</span> <span class='ocrx_word' id='word_1_21' title='bbox 1376 349 1447 389; x_wconf 88' lang='lat' dir='ltr'>vel</span> <span class='ocrx_word' id='word_1_22' title='bbox 1492 349 1624 399; x_wconf 91' lang='lat' dir='ltr'>quasi</span> <span class='ocrx_word' id='word_1_23' title='bbox 1668 349 1920 390; x_wconf 78' lang='lat' dir='ltr'>collacione</span> 
     </span>
     <span class='ocr_line' id='line_1_4' title="bbox 147 419 1920 474; baseline -0.002 -10"><span class='ocrx_word' id='word_1_24' title='bbox 147 423 448 474; x_wconf 71' lang='lat' dir='ltr'>intelligatur,</span> <span class='ocrx_word' id='word_1_25' title='bbox 484 421 784 471; x_wconf 83' lang='lat' dir='ltr'>contingebat</span> <span class='ocrx_word' id='word_1_26' title='bbox 819 422 1044 471; x_wconf 89' lang='lat' dir='ltr'>quantum</span> <span class='ocrx_word' id='word_1_27' title='bbox 1080 420 1137 460; x_wconf 91' lang='lat' dir='ltr'>ad</span> <span class='ocrx_word' id='word_1_28' title='bbox 1172 420 1325 461; x_wconf 86' lang='lat' dir='ltr'>officia</span> <span class='ocrx_word' id='word_1_29' title='bbox 1359 419 1476 460; x_wconf 91' lang='lat' dir='ltr'>duos</span> <span class='ocrx_word' id='word_1_30' title='bbox 1503 420 1548 459; x_wconf 93' lang='lat' dir='ltr'>in</span> <span class='ocrx_word' id='word_1_31' title='bbox 1583 419 1780 461; x_wconf 85' lang='lat' dir='ltr'>diversis</span> <span class='ocrx_word' id='word_1_32' title='bbox 1815 421 1920 461; x_wconf 89' lang='lat' dir='ltr'>obe-</span> 
     </span>
     <span class='ocr_line' id='line_1_5' title="bbox 147 490 1923 535; baseline -0.002 0"><span class='ocrx_word' id='word_1_33' title='bbox 147 493 337 535; x_wconf 90' lang='lat' dir='ltr'>dienciis</span> <span class='ocrx_word' id='word_1_34' title='bbox 370 493 522 534; x_wconf 91' lang='lat' dir='ltr'>locum</span> <span class='ocrx_word' id='word_1_35' title='bbox 556 492 749 533; x_wconf 88' lang='lat' dir='ltr'>eundem</span> <span class='ocrx_word' id='word_1_36' title='bbox 785 491 1012 532; x_wconf 89' lang='lat' dir='ltr'>habentes</span> <span class='ocrx_word' id='word_1_37' title='bbox 1047 491 1163 531; x_wconf 89' lang='lat' dir='ltr'>alias</span> <span class='ocrx_word' id='word_1_38' title='bbox 1199 491 1419 531; x_wconf 87' lang='lat' dir='ltr'>canonice</span> <span class='ocrx_word' id='word_1_39' title='bbox 1462 490 1533 531; x_wconf 83' lang='lat' dir='ltr'>vel</span> <span class='ocrx_word' id='word_1_40' title='bbox 1576 490 1923 532; x_wconf 76' lang='lat' dir='ltr'>racionabiliter</span> 
     </span>
     <span class='ocr_line' id='line_1_6' title="bbox 148 561 1920 606; baseline -0.002 -1"><span class='ocrx_word' id='word_1_41' title='bbox 148 563 351 606; x_wconf 85' lang='lat' dir='ltr'>officium</span> <span class='ocrx_word' id='word_1_42' title='bbox 386 574 603 604; x_wconf 84' lang='lat' dir='ltr'>exercere</span> <span class='ocrx_word' id='word_1_43' title='bbox 637 564 681 602; x_wconf 91' lang='lat' dir='ltr'>et</span> <span class='ocrx_word' id='word_1_44' title='bbox 726 562 862 602; x_wconf 88' lang='lat' dir='ltr'>unius</span> <span class='ocrx_word' id='word_1_45' title='bbox 895 562 983 602; x_wconf 92' lang='lat' dir='ltr'>loci</span> <span class='ocrx_word' id='word_1_46' title='bbox 1017 561 1231 602; x_wconf 90' lang='lat' dir='ltr'>dominos</span> <span class='ocrx_word' id='word_1_47' title='bbox 1265 561 1309 600; x_wconf 92' lang='lat' dir='ltr'>in</span> <span class='ocrx_word' id='word_1_48' title='bbox 1354 561 1551 601; x_wconf 89' lang='lat' dir='ltr'>solidum</span> <span class='ocrx_word' id='word_1_49' title='bbox 1586 561 1790 602; x_wconf 79' lang='lat' dir='ltr'>existere</span> <span class='ocrx_word' id='word_1_50' title='bbox 1825 593 1832 601; x_wconf 91' lang='lat'><strong>.</strong></span> <span class='ocrx_word' id='word_1_51' title='bbox 1869 593 1876 601; x_wconf 90' lang='lat'><strong>.</strong></span> <span class='ocrx_word' id='word_1_52' title='bbox 1913 594 1920 601; x_wconf 95' lang='lat'><em>.</em></span> 
     </span>
     <span class='ocr_line' id='line_1_7' title="bbox 148 631 1919 684; baseline -0.002 -9"><span class='ocrx_word' id='word_1_53' title='bbox 148 634 194 675; x_wconf 89' lang='lat' dir='ltr'>Si</span> <span class='ocrx_word' id='word_1_54' title='bbox 212 645 324 675; x_wconf 88' lang='lat' dir='ltr'>vero</span> <span class='ocrx_word' id='word_1_55' title='bbox 348 633 453 674; x_wconf 89' lang='lat' dir='ltr'>finis</span> <span class='ocrx_word' id='word_1_56' title='bbox 477 633 610 684; x_wconf 90' lang='lat' dir='ltr'>primi</span> <span class='ocrx_word' id='word_1_57' title='bbox 631 632 821 683; x_wconf 88' lang='lat' dir='ltr'>capituli</span> <span class='ocrx_word' id='word_1_58' title='bbox 845 632 993 673; x_wconf 91' lang='lat' dir='ltr'>solam</span> <span class='ocrx_word' id='word_1_59' title='bbox 1013 631 1389 672; x_wconf 81' lang='lat' dir='ltr'>habilitacionem</span> <span class='ocrx_word' id='word_1_60' title='bbox 1416 631 1643 683; x_wconf 86' lang='lat' dir='ltr'>conferat,</span> <span class='ocrx_word' id='word_1_61' title='bbox 1668 632 1919 683; x_wconf 90' lang='lat' dir='ltr'>capitulum</span> 
     </span>
     <span class='ocr_line' id='line_1_8' title="bbox 146 702 1920 754; baseline -0.002 -8"><span class='ocrx_word' id='word_1_62' title='bbox 146 705 401 747; x_wconf 89' lang='lat' dir='ltr'>secundum</span> <span class='ocrx_word' id='word_1_63' title='bbox 426 704 581 745; x_wconf 87' lang='grc'><strong>01111110</strong></span> <span class='ocrx_word' id='word_1_64' title='bbox 600 706 644 744; x_wconf 86' lang='grc'>01</span> <span class='ocrx_word' id='word_1_65' title='bbox 671 703 854 754; x_wconf 82' lang='lat' dir='ltr'>singula</span> <span class='ocrx_word' id='word_1_66' title='bbox 878 702 1142 754; x_wconf 87' lang='lat' dir='ltr'>approbans</span> <span class='ocrx_word' id='word_1_67' title='bbox 1158 704 1204 743; x_wconf 90' lang='lat' dir='ltr'>et</span> <span class='ocrx_word' id='word_1_68' title='bbox 1229 702 1480 743; x_wconf 90' lang='lat' dir='ltr'>dominium</span> <span class='ocrx_word' id='word_1_69' title='bbox 1506 703 1716 743; x_wconf 88' lang='lat' dir='ltr'>tribuens</span> <span class='ocrx_word' id='word_1_70' title='bbox 1740 703 1920 744; x_wconf 89' lang='lat' dir='ltr'>dubita-</span> 
     </span>
     <span class='ocr_line' id='line_1_9' title="bbox 147 772 1920 826; baseline -0.002 -9"><span class='ocrx_word' id='word_1_71' title='bbox 147 776 326 817; x_wconf 87' lang='lat' dir='ltr'>cionem</span> <span class='ocrx_word' id='word_1_72' title='bbox 350 774 603 826; x_wconf 82' lang='lat' dir='ltr'>induceret,</span> <span class='ocrx_word' id='word_1_73' title='bbox 627 775 733 825; x_wconf 88' lang='lat' dir='ltr'>quia</span> <span class='ocrx_word' id='word_1_74' title='bbox 751 774 900 814; x_wconf 84' lang='grc'><strong>11111110</strong></span> <span class='ocrx_word' id='word_1_75' title='bbox 918 772 1143 814; x_wconf 90' lang='lat' dir='ltr'>beneficia.</span> <span class='ocrx_word' id='word_1_76' title='bbox 1162 773 1334 814; x_wconf 86' lang='lat' dir='ltr'>collata</span> <span class='ocrx_word' id='word_1_77' title='bbox 1352 776 1487 814; x_wconf 90' lang='lat' dir='ltr'>erant</span> <span class='ocrx_word' id='word_1_78' title='bbox 1506 773 1551 813; x_wconf 89' lang='lat' dir='ltr'>in</span> <span class='ocrx_word' id='word_1_79' title='bbox 1575 774 1686 814; x_wconf 87' lang='lat' dir='ltr'>reali</span> <span class='ocrx_word' id='word_1_80' title='bbox 1707 774 1920 815; x_wconf 90' lang='lat' dir='ltr'>obedien-</span> 
     </span>
     <span class='ocr_line' id='line_1_10' title="bbox 147 843 1920 897; baseline -0.001 -10"><span class='ocrx_word' id='word_1_81' title='bbox 147 846 231 897; x_wconf 89' lang='lat' dir='ltr'>cia,</span> <span class='ocrx_word' id='word_1_82' title='bbox 265 857 351 897; x_wconf 89' lang='lat' dir='ltr'>que</span> <span class='ocrx_word' id='word_1_83' title='bbox 387 845 460 886; x_wconf 89' lang='lat' dir='ltr'>alii</span> <span class='ocrx_word' id='word_1_84' title='bbox 495 845 610 886; x_wconf 88' lang='lat' dir='ltr'>alias</span> <span class='ocrx_word' id='word_1_85' title='bbox 635 845 855 886; x_wconf 87' lang='lat' dir='ltr'>canonice</span> <span class='ocrx_word' id='word_1_86' title='bbox 880 843 1154 885; x_wconf 88' lang='lat' dir='ltr'>obtinebant</span> <span class='ocrx_word' id='word_1_87' title='bbox 1189 846 1235 884; x_wconf 87' lang='lat' dir='ltr'>et</span> <span class='ocrx_word' id='word_1_88' title='bbox 1269 843 1572 894; x_wconf 80' lang='lat' dir='ltr'>possidebant</span> <span class='ocrx_word' id='word_1_89' title='bbox 1608 846 1655 884; x_wconf 90' lang='lat' dir='ltr'>et</span> <span class='ocrx_word' id='word_1_90' title='bbox 1685 845 1749 885; x_wconf 86' lang='lat' dir='ltr'>sic</span> <span class='ocrx_word' id='word_1_91' title='bbox 1784 857 1920 886; x_wconf 90' lang='lat' dir='ltr'>econ-</span> 
     </span>
     <span class='ocr_line' id='line_1_11' title="bbox 145 914 1919 966; baseline -0.001 -9"><span class='ocrx_word' id='word_1_92' title='bbox 145 928 284 957; x_wconf 83' lang='lat' dir='ltr'>verso</span> <span class='ocrx_word' id='word_1_93' title='bbox 317 916 451 956; x_wconf 81' lang='lat' dir='ltr'>muIti</span> <span class='ocrx_word' id='word_1_94' title='bbox 473 915 748 966; x_wconf 77' lang='lat' dir='ltr'>habuerant,</span> <span class='ocrx_word' id='word_1_95' title='bbox 783 915 858 966; x_wconf 91' lang='lat' dir='ltr'>qui</span> <span class='ocrx_word' id='word_1_96' title='bbox 892 915 937 955; x_wconf 93' lang='lat' dir='ltr'>in</span> <span class='ocrx_word' id='word_1_97' title='bbox 966 915 1079 955; x_wconf 89' lang='lat' dir='ltr'>reali</span> <span class='ocrx_word' id='word_1_98' title='bbox 1113 914 1383 956; x_wconf 86' lang='lat' dir='ltr'>obediencia</span> <span class='ocrx_word' id='word_1_99' title='bbox 1417 915 1586 965; x_wconf 84' lang='lat' dir='ltr'>privati</span> <span class='ocrx_word' id='word_1_100' title='bbox 1620 916 1919 965; x_wconf 89' lang='lat' dir='ltr'>postmodum</span> 
     </span>
     <span class='ocr_line' id='line_1_12' title="bbox 145 975 1920 1037; baseline -0.001 -9"><span class='ocrx_word' id='word_1_101' title='bbox 145 975 416 1028; x_wconf 85' lang='lat' dir='ltr'>extiterunt.</span> <span class='ocrx_word' id='word_1_102' title='bbox 480 985 552 1026; x_wconf 83' lang='lat' dir='ltr'>Ad</span> <span class='ocrx_word' id='word_1_103' title='bbox 593 986 679 1027; x_wconf 92' lang='lat' dir='ltr'>hoc</span> <span class='ocrx_word' id='word_1_104' title='bbox 723 997 834 1037; x_wconf 82' lang='lat' dir='ltr'>ergo</span> <span class='ocrx_word' id='word_1_105' title='bbox 877 988 929 1026; x_wconf 89' lang='lat' dir='ltr'>ut</span> <span class='ocrx_word' id='word_1_106' title='bbox 967 982 1291 1037; x_wconf 65' lang='lat' dir='ltr'>esitacionesa)</span> <span class='ocrx_word' id='word_1_107' title='bbox 1335 985 1598 1026; x_wconf 90' lang='lat' dir='ltr'>huiusmodi</span> <span class='ocrx_word' id='word_1_108' title='bbox 1631 986 1920 1036; x_wconf 85' lang='lat' dir='ltr'>tollerentur,</span> 
     </span>
     <span class='ocr_line' id='line_1_13' title="bbox 146 1055 1919 1108; baseline -0.002 -9"><span class='ocrx_word' id='word_1_109' title='bbox 146 1057 403 1099; x_wconf 81' lang='lat' dir='ltr'>declaravit</span> <span class='ocrx_word' id='word_1_110' title='bbox 437 1057 696 1107; x_wconf 89' lang='lat' dir='ltr'>concilium,</span> <span class='ocrx_word' id='word_1_111' title='bbox 740 1056 862 1108; x_wconf 91' lang='lat' dir='ltr'>quod</span> <span class='ocrx_word' id='word_1_112' title='bbox 897 1068 1000 1097; x_wconf 90' lang='lat' dir='ltr'>cum</span> <span class='ocrx_word' id='word_1_113' title='bbox 1033 1056 1190 1097; x_wconf 88' lang='lat' dir='ltr'>debita</span> <span class='ocrx_word' id='word_1_114' title='bbox 1231 1055 1604 1107; x_wconf 81' lang='lat' dir='ltr'>mansuetudine,</span> <span class='ocrx_word' id='word_1_115' title='bbox 1649 1056 1778 1097; x_wconf 91' lang='lat' dir='ltr'>cuius</span> <span class='ocrx_word' id='word_1_116' title='bbox 1814 1069 1919 1097; x_wconf 90' lang='lat' dir='ltr'>con-</span> 
     </span>
     <span class='ocr_line' id='line_1_14' title="bbox 145 1127 1920 1178; baseline -0.001 -10"><span class='ocrx_word' id='word_1_117' title='bbox 145 1128 340 1169; x_wconf 88' lang='lat' dir='ltr'>trarium</span> <span class='ocrx_word' id='word_1_118' title='bbox 374 1139 534 1169; x_wconf 89' lang='lat' dir='ltr'>rumor</span> <span class='ocrx_word' id='word_1_119' title='bbox 576 1130 651 1168; x_wconf 90' lang='lat' dir='ltr'>est</span> <span class='ocrx_word' id='word_1_120' title='bbox 685 1130 729 1168; x_wconf 88' lang='lat' dir='ltr'>et</span> <span class='ocrx_word' id='word_1_121' title='bbox 766 1127 1007 1178; x_wconf 84' lang='lat' dir='ltr'>strepitus,</span> <span class='ocrx_word' id='word_1_122' title='bbox 1050 1127 1331 1177; x_wconf 77' lang='lat' dir='ltr'>provideret.</span> <span class='ocrx_word' id='word_1_123' title='bbox 1375 1127 1725 1168; x_wconf 78' lang='lat' dir='ltr'>Advertendum</span> <span class='ocrx_word' id='word_1_124' title='bbox 1763 1130 1920 1168; x_wconf 88' lang='lat' dir='ltr'>tamen</span> 
     </span>
     <span class='ocr_line' id='line_1_15' title="bbox 145 1197 1919 1251; baseline -0.001 -11"><span class='ocrx_word' id='word_1_125' title='bbox 145 1201 232 1251; x_wconf 88' lang='lat' dir='ltr'>est,</span> <span class='ocrx_word' id='word_1_126' title='bbox 256 1199 377 1250; x_wconf 87' lang='lat' dir='ltr'>quod</span> <span class='ocrx_word' id='word_1_127' title='bbox 407 1199 494 1240; x_wconf 91' lang='lat' dir='ltr'>hoc</span> <span class='ocrx_word' id='word_1_128' title='bbox 519 1199 771 1250; x_wconf 86' lang='lat' dir='ltr'>capitulum</span> <span class='ocrx_word' id='word_1_129' title='bbox 805 1198 973 1238; x_wconf 88' lang='lat' dir='ltr'>nullius</span> <span class='ocrx_word' id='word_1_130' title='bbox 999 1197 1249 1239; x_wconf 91' lang='lat' dir='ltr'>dominium</span> <span class='ocrx_word' id='word_1_131' title='bbox 1277 1197 1429 1238; x_wconf 86' lang='lat' dir='ltr'>aufert</span> <span class='ocrx_word' id='word_1_132' title='bbox 1452 1209 1536 1239; x_wconf 90' lang='lat' dir='ltr'>nec</span> <span class='ocrx_word' id='word_1_133' title='bbox 1561 1198 1783 1249; x_wconf 77' lang='lat' dir='ltr'>declarat,</span> <span class='ocrx_word' id='word_1_134' title='bbox 1818 1199 1919 1249; x_wconf 90' lang='lat' dir='ltr'>quis</span> 
     </span>
     <span class='ocr_line' id='line_1_16' title="bbox 144 1268 1917 1320; baseline 0 -10"><span class='ocrx_word' id='word_1_135' title='bbox 144 1270 189 1310; x_wconf 91' lang='lat' dir='ltr'>in</span> <span class='ocrx_word' id='word_1_136' title='bbox 222 1270 322 1320; x_wconf 91' lang='lat' dir='ltr'>ipso</span> <span class='ocrx_word' id='word_1_137' title='bbox 354 1269 556 1311; x_wconf 88' lang='lat' dir='ltr'>dominio</span> <span class='ocrx_word' id='word_1_138' title='bbox 591 1269 751 1320; x_wconf 87' lang='lat' dir='ltr'>pocior</span> <span class='ocrx_word' id='word_1_139' title='bbox 783 1268 1026 1319; x_wconf 82' lang='lat' dir='ltr'>habeatur,</span> <span class='ocrx_word' id='word_1_140' title='bbox 1062 1269 1144 1309; x_wconf 88' lang='lat' dir='ltr'>sed</span> <span class='ocrx_word' id='word_1_141' title='bbox 1166 1280 1259 1309; x_wconf 90' lang='lat' dir='ltr'>non</span> <span class='ocrx_word' id='word_1_142' title='bbox 1292 1268 1578 1319; x_wconf 88' lang='lat' dir='ltr'>impossibile</span> <span class='ocrx_word' id='word_1_143' title='bbox 1611 1269 1763 1310; x_wconf 87' lang='lat' dir='ltr'>dicere</span> <span class='ocrx_word' id='word_1_144' title='bbox 1797 1269 1917 1310; x_wconf 85' lang='lat' dir='ltr'>foret</span> 
     </span>
     <span class='ocr_line' id='line_1_17' title="bbox 144 1339 1919 1392; baseline -0.001 -10"><span class='ocrx_word' id='word_1_145' title='bbox 144 1353 249 1383; x_wconf 92' lang='lat' dir='ltr'>eum</span> <span class='ocrx_word' id='word_1_146' title='bbox 281 1341 384 1392; x_wconf 89' lang='lat' dir='ltr'>plus</span> <span class='ocrx_word' id='word_1_147' title='bbox 406 1341 520 1381; x_wconf 90' lang='lat' dir='ltr'>iuris</span> <span class='ocrx_word' id='word_1_148' title='bbox 544 1341 714 1381; x_wconf 90' lang='lat' dir='ltr'>habere</span> <span class='ocrx_word' id='word_1_149' title='bbox 749 1340 941 1391; x_wconf 90' lang='lat' dir='ltr'>censeri,</span> <span class='ocrx_word' id='word_1_150' title='bbox 975 1339 1049 1390; x_wconf 93' lang='lat' dir='ltr'>qui</span> <span class='ocrx_word' id='word_1_151' title='bbox 1073 1339 1280 1390; x_wconf 88' lang='lat' dir='ltr'>pluribus</span> <span class='ocrx_word' id='word_1_152' title='bbox 1306 1339 1472 1380; x_wconf 87' lang='lat' dir='ltr'>validis</span> <span class='ocrx_word' id='word_1_153' title='bbox 1500 1339 1919 1391; x_wconf 88' lang='lat' dir='ltr'>approbacionibus</span> 
     </span>
     <span class='ocr_line' id='line_1_18' title="bbox 145 1410 1918 1462; baseline -0.001 -8"><span class='ocrx_word' id='word_1_154' title='bbox 145 1415 218 1454; x_wconf 90' lang='lat' dir='ltr'>est</span> <span class='ocrx_word' id='word_1_155' title='bbox 251 1413 473 1454; x_wconf 88' lang='lat' dir='ltr'>munitus.</span> <span class='ocrx_word' id='word_1_156' title='bbox 522 1411 808 1452; x_wconf 87' lang='lat' dir='ltr'>Habundans</span> <span class='ocrx_word' id='word_1_157' title='bbox 841 1422 1042 1462; x_wconf 87' lang='lat' dir='ltr'>namque</span> <span class='ocrx_word' id='word_1_158' title='bbox 1067 1410 1250 1452; x_wconf 89' lang='lat' dir='ltr'>cautela</span> <span class='ocrx_word' id='word_1_159' title='bbox 1285 1422 1375 1451; x_wconf 91' lang='lat' dir='ltr'>non</span> <span class='ocrx_word' id='word_1_160' title='bbox 1410 1413 1547 1452; x_wconf 88' lang='lat' dir='ltr'>nocet</span> <span class='ocrx_word' id='word_1_161' title='bbox 1584 1443 1591 1450; x_wconf 93' lang='lat'>.</span> <span class='ocrx_word' id='word_1_162' title='bbox 1628 1443 1634 1451; x_wconf 92' lang='lat'>.</span> <span class='ocrx_word' id='word_1_163' title='bbox 1672 1443 1679 1450; x_wconf 86' lang='lat'><strong>.</strong></span> <span class='ocrx_word' id='word_1_164' title='bbox 1715 1411 1806 1452; x_wconf 82' lang='lat' dir='ltr'>Nec</span> <span class='ocrx_word' id='word_1_165' title='bbox 1841 1411 1918 1452; x_wconf 89' lang='lat' dir='ltr'>ob-</span> 
     </span>
     <span class='ocr_line' id='line_1_19' title="bbox 144 1481 1919 1536; baseline -0.001 -12"><span class='ocrx_word' id='word_1_166' title='bbox 144 1484 298 1536; x_wconf 88' lang='lat' dir='ltr'>mitto,</span> <span class='ocrx_word' id='word_1_167' title='bbox 331 1483 453 1535; x_wconf 91' lang='lat' dir='ltr'>quod</span> <span class='ocrx_word' id='word_1_168' title='bbox 495 1484 804 1524; x_wconf 85' lang='lat' dir='ltr'>sacrosancta</span> <span class='ocrx_word' id='word_1_169' title='bbox 838 1481 1047 1534; x_wconf 70' lang='lat' dir='ltr'>synodus</span> <span class='ocrx_word' id='word_1_170' title='bbox 1090 1481 1177 1522; x_wconf 90' lang='grc'><strong>1100</strong></span> <span class='ocrx_word' id='word_1_171' title='bbox 1217 1493 1267 1521; x_wconf 91' lang='grc'>50</span> <span class='ocrx_word' id='word_1_172' title='bbox 1310 1481 1543 1522; x_wconf 86' lang='lat' dir='ltr'>facturam</span> <span class='ocrx_word' id='word_1_173' title='bbox 1587 1485 1799 1523; x_wconf 85' lang='lat' dir='ltr'>reservat</span> <span class='ocrx_word' id='word_1_174' title='bbox 1835 1494 1919 1523; x_wconf 92' lang='lat' dir='ltr'>nec</span> 
     </span>
     <span class='ocr_line' id='line_1_20' title="bbox 145 1552 1918 1605; baseline -0.002 -9"><span class='ocrx_word' id='word_1_175' title='bbox 145 1555 301 1597; x_wconf 85' lang='lat' dir='ltr'>subdit</span> <span class='ocrx_word' id='word_1_176' title='bbox 347 1555 405 1596; x_wconf 89' lang='lat' dir='ltr'>ad</span> <span class='ocrx_word' id='word_1_177' title='bbox 451 1555 671 1605; x_wconf 90' lang='lat' dir='ltr'>cuiusque</span> <span class='ocrx_word' id='word_1_178' title='bbox 712 1553 1004 1604; x_wconf 85' lang='lat' dir='ltr'>peticionem.</span> <span class='ocrx_word' id='word_1_179' title='bbox 1052 1564 1194 1604; x_wconf 89' lang='lat' dir='ltr'>quare</span> <span class='ocrx_word' id='word_1_180' title='bbox 1237 1552 1360 1594; x_wconf 85' lang='lat' dir='ltr'>forte</span> <span class='ocrx_word' id='word_1_181' title='bbox 1404 1564 1458 1593; x_wconf 85' lang='lat' dir='ltr'>ex</span> <span class='ocrx_word' id='word_1_182' title='bbox 1506 1565 1555 1594; x_wconf 87' lang='lat' dir='ltr'>se</span> <span class='ocrx_word' id='word_1_183' title='bbox 1598 1553 1701 1603; x_wconf 87' lang='lat' dir='ltr'>ipsa</span> <span class='ocrx_word' id='word_1_184' title='bbox 1743 1553 1918 1604; x_wconf 89' lang='lat' dir='ltr'>absque</span> 
     </span>
     <span class='ocr_line' id='line_1_21' title="bbox 146 1623 1918 1675; baseline -0.001 -8"><span class='ocrx_word' id='word_1_185' title='bbox 146 1626 339 1667; x_wconf 89' lang='lat' dir='ltr'>alicuius</span> <span class='ocrx_word' id='word_1_186' title='bbox 372 1625 606 1667; x_wconf 83' lang='lat' dir='ltr'>instancia</span> <span class='ocrx_word' id='word_1_187' title='bbox 640 1624 778 1665; x_wconf 88' lang='lat' dir='ltr'>debet</span> <span class='ocrx_word' id='word_1_188' title='bbox 811 1624 896 1665; x_wconf 89' lang='lat' dir='ltr'>hoc</span> <span class='ocrx_word' id='word_1_189' title='bbox 926 1624 1169 1675; x_wconf 84' lang='lat' dir='ltr'>negocium</span> <span class='ocrx_word' id='word_1_190' title='bbox 1205 1623 1419 1675; x_wconf 85' lang='lat' dir='ltr'>expedire</span> <span class='ocrx_word' id='word_1_191' title='bbox 1453 1656 1459 1662; x_wconf 93' lang='lat'><em>.</em></span> <span class='ocrx_word' id='word_1_192' title='bbox 1487 1656 1493 1664; x_wconf 91' lang='lat'>.</span> <span class='ocrx_word' id='word_1_193' title='bbox 1531 1656 1538 1663; x_wconf 93' lang='lat'>.</span> <span class='ocrx_word' id='word_1_194' title='bbox 1573 1624 1772 1664; x_wconf 90' lang='lat' dir='ltr'>Intendit</span> <span class='ocrx_word' id='word_1_195' title='bbox 1808 1636 1918 1675; x_wconf 84' lang='lat' dir='ltr'>ergo</span> 
     </span>
     <span class='ocr_line' id='line_1_22' title="bbox 144 1694 1916 1748; baseline -0.001 -11"><span class='ocrx_word' id='word_1_196' title='bbox 144 1697 232 1739; x_wconf 92' lang='lat' dir='ltr'>hoc</span> <span class='ocrx_word' id='word_1_197' title='bbox 266 1697 531 1748; x_wconf 89' lang='lat' dir='ltr'>capitulum,</span> <span class='ocrx_word' id='word_1_198' title='bbox 566 1696 640 1737; x_wconf 92' lang='lat' dir='ltr'>ubi</span> <span class='ocrx_word' id='word_1_199' title='bbox 676 1695 765 1736; x_wconf 89' lang='lat' dir='ltr'>duo</span> <span class='ocrx_word' id='word_1_200' title='bbox 801 1701 1085 1737; x_wconf 87' lang='lat' dir='ltr'>concurrunt</span> <span class='ocrx_word' id='word_1_201' title='bbox 1118 1695 1162 1735; x_wconf 89' lang='lat' dir='ltr'>in</span> <span class='ocrx_word' id='word_1_202' title='bbox 1196 1695 1358 1735; x_wconf 87' lang='lat' dir='ltr'>eodem</span> <span class='ocrx_word' id='word_1_203' title='bbox 1393 1695 1543 1736; x_wconf 81' lang='lat' dir='ltr'>titulo.</span> <span class='ocrx_word' id='word_1_204' title='bbox 1584 1694 1828 1745; x_wconf 83' lang='lat' dir='ltr'>providere</span> <span class='ocrx_word' id='word_1_205' title='bbox 1863 1695 1916 1735; x_wconf 92' lang='lat' dir='ltr'>de</span> 
     </span>
     <span class='ocr_line' id='line_1_23' title="bbox 144 1765 1914 1820; baseline -0.002 -11"><span class='ocrx_word' id='word_1_206' title='bbox 144 1768 297 1820; x_wconf 92' lang='lat' dir='ltr'>modo,</span> <span class='ocrx_word' id='word_1_207' title='bbox 332 1768 407 1819; x_wconf 91' lang='lat' dir='ltr'>qui</span> <span class='ocrx_word' id='word_1_208' title='bbox 439 1768 525 1808; x_wconf 89' lang='lat' dir='ltr'>has</span> <span class='ocrx_word' id='word_1_209' title='bbox 559 1766 731 1808; x_wconf 88' lang='lat' dir='ltr'>habeat</span> <span class='ocrx_word' id='word_1_210' title='bbox 764 1765 1036 1816; x_wconf 87' lang='lat' dir='ltr'>qualitates:</span> <span class='ocrx_word' id='word_1_211' title='bbox 1072 1765 1194 1816; x_wconf 88' lang='lat' dir='ltr'>quod</span> <span class='ocrx_word' id='word_1_212' title='bbox 1227 1766 1383 1806; x_wconf 88' lang='lat' dir='ltr'>debita</span> <span class='ocrx_word' id='word_1_213' title='bbox 1416 1767 1727 1807; x_wconf 89' lang='lat' dir='ltr'>mansuetudo</span> <span class='ocrx_word' id='word_1_214' title='bbox 1762 1768 1806 1807; x_wconf 91' lang='lat' dir='ltr'>et</span> <span class='ocrx_word' id='word_1_215' title='bbox 1843 1778 1914 1806; x_wconf 89' lang='lat' dir='ltr'>ra-</span> 
     </span>
     <span class='ocr_line' id='line_1_24' title="bbox 143 1837 1915 1890; baseline -0.001 -10"><span class='ocrx_word' id='word_1_216' title='bbox 143 1838 383 1880; x_wconf 87' lang='lat' dir='ltr'>cionabilis</span> <span class='ocrx_word' id='word_1_217' title='bbox 417 1838 600 1890; x_wconf 83' lang='lat' dir='ltr'>equitas</span> <span class='ocrx_word' id='word_1_218' title='bbox 631 1837 788 1887; x_wconf 80' lang='lat' dir='ltr'>insint3</span> <span class='ocrx_word' id='word_1_219' title='bbox 823 1837 944 1887; x_wconf 91' lang='lat' dir='ltr'>quod</span> <span class='ocrx_word' id='word_1_220' title='bbox 977 1848 1066 1877; x_wconf 90' lang='lat' dir='ltr'>una</span> <span class='ocrx_word' id='word_1_221' title='bbox 1101 1848 1210 1887; x_wconf 88' lang='lat' dir='ltr'>pars</span> <span class='ocrx_word' id='word_1_222' title='bbox 1246 1837 1395 1878; x_wconf 87' lang='lat' dir='ltr'>altera</span> <span class='ocrx_word' id='word_1_223' title='bbox 1429 1837 1634 1878; x_wconf 88' lang='lat' dir='ltr'>deterius</span> <span class='ocrx_word' id='word_1_224' title='bbox 1667 1849 1759 1877; x_wconf 92' lang='lat' dir='ltr'>non</span> <span class='ocrx_word' id='word_1_225' title='bbox 1795 1839 1915 1878; x_wconf 88' lang='lat' dir='ltr'>trac-</span> 
     </span>
     <span class='ocr_line' id='line_1_25' title="bbox 142 1907 1916 1959; baseline -0.001 -9"><span class='ocrx_word' id='word_1_226' title='bbox 142 1911 270 1951; x_wconf 86' lang='lat' dir='ltr'>tetur</span> <span class='ocrx_word' id='word_1_227' title='bbox 302 1922 357 1951; x_wconf 86' lang='lat' dir='ltr'>ac</span> <span class='ocrx_word' id='word_1_228' title='bbox 398 1909 560 1959; x_wconf 89' lang='lat' dir='ltr'>honor,</span> <span class='ocrx_word' id='word_1_229' title='bbox 603 1910 827 1959; x_wconf 88' lang='lat' dir='ltr'>quantum</span> <span class='ocrx_word' id='word_1_230' title='bbox 870 1907 967 1948; x_wconf 89' lang='lat' dir='ltr'>fieri</span> <span class='ocrx_word' id='word_1_231' title='bbox 1001 1910 1173 1959; x_wconf 87' lang='lat' dir='ltr'>potest,</span> <span class='ocrx_word' id='word_1_232' title='bbox 1217 1908 1458 1959; x_wconf 89' lang='lat' dir='ltr'>utriusque</span> <span class='ocrx_word' id='word_1_233' title='bbox 1502 1908 1766 1949; x_wconf 87' lang='lat' dir='ltr'>obediencie</span> <span class='ocrx_word' id='word_1_234' title='bbox 1810 1921 1916 1949; x_wconf 90' lang='lat' dir='ltr'>con-</span> 
     </span>
     <span class='ocr_line' id='line_1_26' title="bbox 143 1979 1915 2030; baseline -0.001 -9"><span class='ocrx_word' id='word_1_235' title='bbox 143 1982 370 2022; x_wconf 88' lang='lat' dir='ltr'>servetur.</span> <span class='ocrx_word' id='word_1_236' title='bbox 434 1979 688 2021; x_wconf 76' lang='lat' dir='ltr'>Videamus</span> <span class='ocrx_word' id='word_1_237' title='bbox 731 1990 856 2030; x_wconf 83' lang='lat' dir='ltr'>ergo,</span> <span class='ocrx_word' id='word_1_238' title='bbox 901 1979 938 2018; x_wconf 90' lang='lat' dir='ltr'>si</span> <span class='ocrx_word' id='word_1_239' title='bbox 982 1990 1062 2029; x_wconf 88' lang='lat' dir='ltr'>per</span> <span class='ocrx_word' id='word_1_240' title='bbox 1106 1979 1474 2020; x_wconf 84' lang='lat' dir='ltr'>annullacionein</span> <span class='ocrx_word' id='word_1_241' title='bbox 1519 1979 1721 2020; x_wconf 89' lang='lat' dir='ltr'>omnium</span> <span class='ocrx_word' id='word_1_242' title='bbox 1766 1980 1915 2030; x_wconf 87' lang='lat' dir='ltr'>priva-</span> 
     </span>
     <span class='ocr_line' id='line_1_27' title="bbox 143 2050 1915 2101; baseline -0.001 -10"><span class='ocrx_word' id='word_1_243' title='bbox 143 2051 325 2092; x_wconf 89' lang='grc'><strong>0101111111</strong></span> <span class='ocrx_word' id='word_1_244' title='bbox 371 2051 583 2092; x_wconf 90' lang='lat' dir='ltr'>hincinde</span> <span class='ocrx_word' id='word_1_245' title='bbox 624 2050 857 2091; x_wconf 87' lang='lat' dir='ltr'>factarum</span> <span class='ocrx_word' id='word_1_246' title='bbox 901 2050 1109 2101; x_wconf 88' lang='lat' dir='ltr'>predicta</span> <span class='ocrx_word' id='word_1_247' title='bbox 1156 2052 1358 2100; x_wconf 87' lang='lat' dir='ltr'>quatuor</span> <span class='ocrx_word' id='word_1_248' title='bbox 1391 2050 1715 2091; x_wconf 81' lang='lat' dir='ltr'>observentur.</span> <span class='ocrx_word' id='word_1_249' title='bbox 1781 2050 1811 2091; x_wconf 68' lang='grc' dir='ltr'>(ζ’</span> <span class='ocrx_word' id='word_1_250' title='bbox 1829 2063 1915 2091; x_wconf 89' lang='grc'><strong>11111</strong></span> 
     </span>
     <span class='ocr_line' id='line_1_28' title="bbox 143 2121 1007 2163; baseline -0.003 0"><span class='ocrx_word' id='word_1_251' title='bbox 143 2121 358 2163; x_wconf 89' lang='lat' dir='ltr'>debita</span> <span class='ocrx_word' id='word_1_252' title='bbox 389 2121 875 2162; x_wconf 87' lang='lat' dir='ltr'>mansuetudine</span> <span class='ocrx_word' id='word_1_253' title='bbox 911 2154 917 2160; x_wconf 94' lang='lat'>.</span> <span class='ocrx_word' id='word_1_254' title='bbox 955 2153 1007 2161; x_wconf 93' lang='lat'>..</span> 
     </span>
    </p>

    <p class='ocr_par' dir='ltr' id='par_1_3' title="bbox 143 2192 1916 3023">
     <span class='ocr_line' id='line_1_29' title="bbox 261 2192 1916 2243; baseline -0.001 -9"><span class='ocrx_word' id='word_1_255' title='bbox 261 2192 666 2234; x_wconf 85' lang='lat' dir='ltr'>Racionabili</span> <span class='ocrx_word' id='word_1_256' title='bbox 712 2192 1027 2243; x_wconf 83' lang='lat' dir='ltr'>equitate:</span> <span class='ocrx_word' id='word_1_257' title='bbox 1075 2204 1130 2233; x_wconf 81' lang='lat' dir='ltr'>ex</span> <span class='ocrx_word' id='word_1_258' title='bbox 1165 2192 1252 2233; x_wconf 91' lang='lat' dir='ltr'>hiis</span> <span class='ocrx_word' id='word_1_259' title='bbox 1286 2193 1542 2233; x_wconf 87' lang='lat' dir='ltr'>luculenter</span> <span class='ocrx_word' id='word_1_260' title='bbox 1576 2196 1765 2243; x_wconf 87' lang='lat' dir='ltr'>apparet</span> <span class='ocrx_word' id='word_1_261' title='bbox 1810 2192 1916 2233; x_wconf 89' lang='lat' dir='ltr'>sub-</span> 
     </span>
     <span class='ocr_line' id='line_1_30' title="bbox 146 2263 1915 2315; baseline 0.001 -13"><span class='ocrx_word' id='word_1_262' title='bbox 146 2263 291 2303; x_wconf 88' lang='lat' dir='ltr'>latum</span> <span class='ocrx_word' id='word_1_263' title='bbox 327 2275 433 2304; x_wconf 88' lang='lat' dir='ltr'>esse</span> <span class='ocrx_word' id='word_1_264' title='bbox 466 2263 579 2304; x_wconf 89' lang='lat' dir='ltr'>iuris</span> <span class='ocrx_word' id='word_1_265' title='bbox 612 2263 827 2315; x_wconf 85' lang='lat' dir='ltr'>rigorem,</span> <span class='ocrx_word' id='word_1_266' title='bbox 854 2275 956 2304; x_wconf 88' lang='lat' dir='ltr'>cum</span> <span class='ocrx_word' id='word_1_267' title='bbox 982 2264 1164 2314; x_wconf 85' lang='lat' dir='ltr'>equitas</span> <span class='ocrx_word' id='word_1_268' title='bbox 1190 2264 1247 2304; x_wconf 89' lang='lat' dir='ltr'>sit</span> <span class='ocrx_word' id='word_1_269' title='bbox 1274 2263 1410 2304; x_wconf 85' lang='lat' dir='ltr'>flexio</span> <span class='ocrx_word' id='word_1_270' title='bbox 1435 2264 1602 2314; x_wconf 83' lang='lat' dir='ltr'>rigoris</span> <span class='ocrx_word' id='word_1_271' title='bbox 1627 2263 1683 2303; x_wconf 90' lang='lat' dir='ltr'>ad</span> <span class='ocrx_word' id='word_1_272' title='bbox 1707 2263 1915 2304; x_wconf 88' lang='lat' dir='ltr'>humani-</span> 
     </span>
     <span class='ocr_line' id='line_1_31' title="bbox 144 2334 1914 2384; baseline 0.001 -11"><span class='ocrx_word' id='word_1_273' title='bbox 144 2345 271 2374; x_wconf 88' lang='lat' dir='ltr'>orem</span> <span class='ocrx_word' id='word_1_274' title='bbox 305 2336 486 2384; x_wconf 87' lang='lat' dir='ltr'>partem</span> <span class='ocrx_word' id='word_1_275' title='bbox 523 2366 530 2375; x_wconf 92' lang='lat'><strong>.</strong></span> <span class='ocrx_word' id='word_1_276' title='bbox 567 2366 575 2374; x_wconf 92' lang='lat'><strong>.</strong></span> <span class='ocrx_word' id='word_1_277' title='bbox 611 2366 618 2374; x_wconf 95' lang='lat'><strong>.</strong></span> <span class='ocrx_word' id='word_1_278' title='bbox 652 2334 953 2375; x_wconf 89' lang='lat' dir='ltr'>Deterius</span> <span class='ocrx_word' id='word_1_279' title='bbox 987 2346 1101 2375; x_wconf 91' lang='lat' dir='ltr'>non</span> <span class='ocrx_word' id='word_1_280' title='bbox 1136 2337 1488 2375; x_wconf 87' lang='lat' dir='ltr'>tractetur:</span> <span class='ocrx_word' id='word_1_281' title='bbox 1531 2334 1616 2374; x_wconf 85' lang='lat' dir='ltr'>Per</span> <span class='ocrx_word' id='word_1_282' title='bbox 1655 2334 1737 2375; x_wconf 87' lang='lat' dir='ltr'>hec</span> <span class='ocrx_word' id='word_1_283' title='bbox 1774 2334 1914 2375; x_wconf 78' lang='lat' dir='ltr'>verba</span> 
     </span>
     <span class='ocr_line' id='line_1_32' title="bbox 145 2404 1911 2455; baseline 0 -10"><span class='ocrx_word' id='word_1_284' title='bbox 145 2406 347 2455; x_wconf 89' lang='lat' dir='ltr'>constat,</span> <span class='ocrx_word' id='word_1_285' title='bbox 382 2404 503 2455; x_wconf 91' lang='lat' dir='ltr'>quod</span> <span class='ocrx_word' id='word_1_286' title='bbox 535 2405 580 2445; x_wconf 91' lang='lat' dir='ltr'>in</span> <span class='ocrx_word' id='word_1_287' title='bbox 613 2405 719 2445; x_wconf 90' lang='lat' dir='ltr'>istis</span> <span class='ocrx_word' id='word_1_288' title='bbox 752 2405 931 2445; x_wconf 90' lang='lat' dir='ltr'>duabus</span> <span class='ocrx_word' id='word_1_289' title='bbox 967 2405 1247 2446; x_wconf 90' lang='lat' dir='ltr'>obedienciis</span> <span class='ocrx_word' id='word_1_290' title='bbox 1281 2405 1415 2445; x_wconf 88' lang='lat' dir='ltr'>debet</span> <span class='ocrx_word' id='word_1_291' title='bbox 1451 2416 1557 2445; x_wconf 88' lang='lat' dir='ltr'>esse</span> <span class='ocrx_word' id='word_1_292' title='bbox 1591 2405 1822 2455; x_wconf 88' lang='lat' dir='ltr'>equalitas</span> <span class='ocrx_word' id='word_1_293' title='bbox 1868 2408 1911 2445; x_wconf 90' lang='lat' dir='ltr'>et</span> 
     </span>
     <span class='ocr_line' id='line_1_33' title="bbox 144 2474 1914 2527; baseline 0.002 -14"><span class='ocrx_word' id='word_1_294' title='bbox 144 2474 440 2525; x_wconf 84' lang='lat' dir='ltr'>ydeinpnitas</span> <span class='ocrx_word' id='word_1_295' title='bbox 474 2475 801 2526; x_wconf 88' lang='lat' dir='ltr'>disposicionis</span> <span class='ocrx_word' id='word_1_296' title='bbox 836 2478 880 2516; x_wconf 90' lang='lat' dir='ltr'>et</span> <span class='ocrx_word' id='word_1_297' title='bbox 917 2476 1035 2516; x_wconf 92' lang='lat' dir='ltr'>sicut</span> <span class='ocrx_word' id='word_1_298' title='bbox 1071 2476 1368 2527; x_wconf 70' lang='lat' dir='ltr'>ydempnitas</span> <span class='ocrx_word' id='word_1_299' title='bbox 1402 2476 1604 2516; x_wconf 88' lang='lat' dir='ltr'>racionis</span> <span class='ocrx_word' id='word_1_300' title='bbox 1638 2487 1693 2515; x_wconf 83' lang='lat' dir='ltr'>ex</span> <span class='ocrx_word' id='word_1_301' title='bbox 1734 2475 1914 2517; x_wconf 92' lang='lat' dir='ltr'>duobus</span> 
     </span>
     <span class='ocr_line' id='line_1_34' title="bbox 145 2543 1915 2597; baseline -0.001 -12"><span class='ocrx_word' id='word_1_302' title='bbox 145 2543 332 2585; x_wconf 86' lang='lat' dir='ltr'>casibus</span> <span class='ocrx_word' id='word_1_303' title='bbox 363 2544 477 2586; x_wconf 88' lang='lat' dir='ltr'>facit</span> <span class='ocrx_word' id='word_1_304' title='bbox 509 2556 664 2595; x_wconf 88' lang='lat' dir='ltr'>unum,</span> <span class='ocrx_word' id='word_1_305' title='bbox 699 2546 805 2596; x_wconf 89' lang='lat' dir='ltr'>quia</span> <span class='ocrx_word' id='word_1_306' title='bbox 839 2558 977 2586; x_wconf 83' lang='lat' dir='ltr'>casus</span> <span class='ocrx_word' id='word_1_307' title='bbox 1012 2557 1103 2585; x_wconf 93' lang='lat' dir='ltr'>non</span> <span class='ocrx_word' id='word_1_308' title='bbox 1138 2548 1244 2586; x_wconf 89' lang='lat' dir='ltr'>sunt</span> <span class='ocrx_word' id='word_1_309' title='bbox 1280 2546 1563 2593; x_wconf 83' lang='lat' dir='ltr'>differentes,</span> <span class='ocrx_word' id='word_1_310' title='bbox 1588 2558 1704 2597; x_wconf 88' lang='lat' dir='ltr'>quos</span> <span class='ocrx_word' id='word_1_311' title='bbox 1729 2547 1915 2597; x_wconf 61' lang='lat' dir='ltr'>copulat,</span> 
     </span>
     <span class='ocr_line' id='line_1_35' title="bbox 144 2614 1914 2669; baseline 0.002 -15"><span class='ocrx_word' id='word_1_312' title='bbox 144 2625 255 2654; x_wconf 86' lang='lat' dir='ltr'>vera</span> <span class='ocrx_word' id='word_1_313' title='bbox 291 2614 586 2666; x_wconf 80' lang='lat' dir='ltr'>ydempnitas</span> <span class='ocrx_word' id='word_1_314' title='bbox 631 2616 832 2657; x_wconf 88' lang='lat' dir='ltr'>racionis</span> <span class='ocrx_word' id='word_1_315' title='bbox 879 2619 925 2657; x_wconf 88' lang='lat' dir='ltr'>et</span> <span class='ocrx_word' id='word_1_316' title='bbox 971 2617 1075 2657; x_wconf 90' lang='lat' dir='ltr'>licet</span> <span class='ocrx_word' id='word_1_317' title='bbox 1121 2617 1180 2657; x_wconf 90' lang='lat' dir='ltr'>sit</span> <span class='ocrx_word' id='word_1_318' title='bbox 1224 2616 1475 2658; x_wconf 82' lang='lat' dir='ltr'>diversitas</span> <span class='ocrx_word' id='word_1_319' title='bbox 1509 2617 1552 2657; x_wconf 90' lang='lat' dir='ltr'>in</span> <span class='ocrx_word' id='word_1_320' title='bbox 1588 2617 1777 2669; x_wconf 86' lang='lat' dir='ltr'>cortice,</span> <span class='ocrx_word' id='word_1_321' title='bbox 1822 2629 1914 2659; x_wconf 90' lang='lat' dir='ltr'>non</span> 
     </span>
     <span class='ocr_line' id='line_1_36' title="bbox 145 2685 1913 2730; baseline 0.003 -6"><span class='ocrx_word' id='word_1_322' title='bbox 145 2686 302 2725; x_wconf 89' lang='lat' dir='ltr'>tamen</span> <span class='ocrx_word' id='word_1_323' title='bbox 336 2685 380 2725; x_wconf 93' lang='lat' dir='ltr'>in</span> <span class='ocrx_word' id='word_1_324' title='bbox 413 2685 613 2726; x_wconf 89' lang='lat' dir='ltr'>medulla</span> <span class='ocrx_word' id='word_1_325' title='bbox 648 2718 655 2725; x_wconf 94' lang='lat'><strong>.</strong></span> <span class='ocrx_word' id='word_1_326' title='bbox 692 2719 699 2726; x_wconf 96' lang='lat'>.</span> <span class='ocrx_word' id='word_1_327' title='bbox 736 2719 744 2726; x_wconf 87' lang='lat'><strong>.</strong></span> <span class='ocrx_word' id='word_1_328' title='bbox 778 2686 959 2727; x_wconf 87' lang='lat' dir='ltr'>Rursus</span> <span class='ocrx_word' id='word_1_329' title='bbox 994 2687 1032 2727; x_wconf 92' lang='lat' dir='ltr'>si</span> <span class='ocrx_word' id='word_1_330' title='bbox 1075 2687 1129 2727; x_wconf 88' lang='lat' dir='ltr'>de</span> <span class='ocrx_word' id='word_1_331' title='bbox 1163 2687 1406 2728; x_wconf 89' lang='lat' dir='ltr'>titulorum</span> <span class='ocrx_word' id='word_1_332' title='bbox 1453 2687 1745 2729; x_wconf 88' lang='lat' dir='ltr'>discussione</span> <span class='ocrx_word' id='word_1_333' title='bbox 1791 2691 1913 2730; x_wconf 89' lang='lat' dir='ltr'>trac-</span> 
     </span>
     <span class='ocr_line' id='line_1_37' title="bbox 145 2756 1913 2808; baseline 0.002 -12"><span class='ocrx_word' id='word_1_334' title='bbox 145 2757 313 2805; x_wconf 86' lang='lat' dir='ltr'>temus,</span> <span class='ocrx_word' id='word_1_335' title='bbox 360 2756 467 2807; x_wconf 90' lang='lat' dir='ltr'>quid</span> <span class='ocrx_word' id='word_1_336' title='bbox 500 2759 587 2806; x_wconf 88' lang='lat' dir='ltr'>est,</span> <span class='ocrx_word' id='word_1_337' title='bbox 637 2757 772 2807; x_wconf 89' lang='lat' dir='ltr'>quod,</span> <span class='ocrx_word' id='word_1_338' title='bbox 819 2769 874 2797; x_wconf 83' lang='lat' dir='ltr'>ex</span> <span class='ocrx_word' id='word_1_339' title='bbox 921 2769 1009 2808; x_wconf 90' lang='lat' dir='ltr'>quo</span> <span class='ocrx_word' id='word_1_340' title='bbox 1056 2769 1146 2798; x_wconf 89' lang='lat' dir='ltr'>una</span> <span class='ocrx_word' id='word_1_341' title='bbox 1190 2770 1300 2808; x_wconf 90' lang='lat' dir='ltr'>pars</span> <span class='ocrx_word' id='word_1_342' title='bbox 1348 2758 1495 2799; x_wconf 87' lang='lat' dir='ltr'>altera</span> <span class='ocrx_word' id='word_1_343' title='bbox 1541 2758 1744 2799; x_wconf 87' lang='lat' dir='ltr'>deterius</span> <span class='ocrx_word' id='word_1_344' title='bbox 1792 2762 1913 2801; x_wconf 88' lang='lat' dir='ltr'>trac-</span> 
     </span>
     <span class='ocr_line' id='line_1_38' title="bbox 145 2826 1913 2880; baseline 0.002 -13"><span class='ocrx_word' id='word_1_345' title='bbox 145 2826 290 2867; x_wconf 86' lang='lat' dir='ltr'>tanda</span> <span class='ocrx_word' id='word_1_346' title='bbox 323 2838 414 2868; x_wconf 93' lang='lat' dir='ltr'>non</span> <span class='ocrx_word' id='word_1_347' title='bbox 449 2829 535 2879; x_wconf 91' lang='lat' dir='ltr'>est,</span> <span class='ocrx_word' id='word_1_348' title='bbox 569 2827 696 2878; x_wconf 89' lang='lat' dir='ltr'>ipsos</span> <span class='ocrx_word' id='word_1_349' title='bbox 743 2828 857 2868; x_wconf 88' lang='lat' dir='ltr'>alios</span> <span class='ocrx_word' id='word_1_350' title='bbox 893 2828 1147 2878; x_wconf 87' lang='lat' dir='ltr'>scriptores</span> <span class='ocrx_word' id='word_1_351' title='bbox 1193 2831 1402 2880; x_wconf 83' lang='lat' dir='ltr'>excuset,</span> <span class='ocrx_word' id='word_1_352' title='bbox 1448 2831 1498 2870; x_wconf 87' lang='lat' dir='ltr'>ut</span> <span class='ocrx_word' id='word_1_353' title='bbox 1544 2841 1702 2870; x_wconf 90' lang='lat' dir='ltr'>eorum</span> <span class='ocrx_word' id='word_1_354' title='bbox 1751 2830 1913 2871; x_wconf 88' lang='lat' dir='ltr'>titulos</span> 
     </span>
     <span class='ocr_line' id='line_1_39' title="bbox 143 2898 1907 2951; baseline 0.002 -14"><span class='ocrx_word' id='word_1_355' title='bbox 143 2908 235 2937; x_wconf 91' lang='lat' dir='ltr'>non</span> <span class='ocrx_word' id='word_1_356' title='bbox 270 2898 538 2949; x_wconf 90' lang='lat' dir='ltr'>ostendant,</span> <span class='ocrx_word' id='word_1_357' title='bbox 573 2900 617 2939; x_wconf 90' lang='lat' dir='ltr'>et</span> <span class='ocrx_word' id='word_1_358' title='bbox 652 2898 907 2940; x_wconf 88' lang='lat' dir='ltr'>efficaciter</span> <span class='ocrx_word' id='word_1_359' title='bbox 940 2899 1183 2949; x_wconf 82' lang='lat' dir='ltr'>videbitur,</span> <span class='ocrx_word' id='word_1_360' title='bbox 1219 2900 1340 2950; x_wconf 91' lang='lat' dir='ltr'>quod</span> <span class='ocrx_word' id='word_1_361' title='bbox 1373 2902 1538 2941; x_wconf 89' lang='lat' dir='ltr'>contra</span> <span class='ocrx_word' id='word_1_362' title='bbox 1576 2911 1663 2941; x_wconf 92' lang='lat' dir='ltr'>nos</span> <span class='ocrx_word' id='word_1_363' title='bbox 1710 2900 1907 2951; x_wconf 85' lang='lat' dir='ltr'>allegant</span> 
     </span>
     <span class='ocr_line' id='line_1_40' title="bbox 144 2966 1910 3023; baseline 0.002 -16"><span class='ocrx_word' id='word_1_364' title='bbox 144 2967 199 3008; x_wconf 92' lang='lat' dir='ltr'>de</span> <span class='ocrx_word' id='word_1_365' title='bbox 232 2968 439 3009; x_wconf 89' lang='lat' dir='ltr'>eiusdem</span> <span class='ocrx_word' id='word_1_366' title='bbox 471 2969 572 3020; x_wconf 88' lang='lat' dir='ltr'>loci,</span> <span class='ocrx_word' id='word_1_367' title='bbox 607 2980 741 3020; x_wconf 90' lang='lat' dir='ltr'>quem</span> <span class='ocrx_word' id='word_1_368' title='bbox 777 2969 893 3010; x_wconf 88' lang='lat' dir='ltr'>alius</span> <span class='ocrx_word' id='word_1_369' title='bbox 928 2966 1121 3022; x_wconf 89' lang='lat' dir='ltr'>obtinet,</span> <span class='ocrx_word' id='word_1_370' title='bbox 1145 2969 1341 3012; x_wconf 91' lang='lat' dir='ltr'>obtentu</span> <span class='ocrx_word' id='word_1_371' title='bbox 1364 2971 1408 3011; x_wconf 91' lang='lat' dir='ltr'>in</span> <span class='ocrx_word' id='word_1_372' title='bbox 1432 2970 1654 3013; x_wconf 90' lang='lat' dir='ltr'>lesionem</span> <span class='ocrx_word' id='word_1_373' title='bbox 1679 2971 1910 3023; x_wconf 89' lang='lat' dir='ltr'>propriam</span> 
     </span>
    </p>
   </div>
   <div class='ocr_carea' id='block_1_3' title="bbox 266 3049 493 3053">
    <p class='ocr_par' dir='ltr' id='par_1_4' title="bbox 266 3049 493 3053">
     <span class='ocr_line' id='line_1_41' title="bbox 266 3049 493 3053; baseline 0 0"><span class='ocrx_word' id='word_1_374' title='bbox 266 3049 493 3053; x_wconf 95' lang='lat' dir='ltr'> </span> 
     </span>
    </p>
   </div>
   <div class='ocr_carea' id='block_1_4' title="bbox 261 3091 434 3127">
    <p class='ocr_par' dir='ltr' id='par_1_5' title="bbox 261 3091 434 3127">
     <span class='ocr_line' id='line_1_42' title="bbox 261 3091 434 3127; baseline 0.012 -8"><span class='ocrx_word' id='word_1_375' title='bbox 261 3093 294 3127; x_wconf 89' lang='lat' dir='ltr'>a)</span> <span class='ocrx_word' id='word_1_376' title='bbox 313 3091 356 3121; x_wconf 90' lang='lat' dir='ltr'>So</span> <span class='ocrx_word' id='word_1_377' title='bbox 376 3093 434 3122; x_wconf 80' lang='lat' dir='ltr'>Hs.</span> 
     </span>
    </p>
   </div>
  </div>
 </body>
</html>
