2178 3404
288 165 375 213 484
646 175 704 213 111.
733 174 951 212 Absclmitt.
1005 172 1193 211 Renedikt
1225 172 1323 211 XIII.
1352 178 1429 211 und
1458 173 1528 211 das
1556 173 1705 211 Konzil.

287 290 486 331 ecclesia
519 291 807 340 sequeretur,
842 290 978 339 prout
1011 287 1094 328 hec
1127 287 1272 328 lacius
1305 289 1528 328 constant
1563 299 1642 338 per
1676 288 1857 338 publica
1891 288 2062 329 instru-

287 362 459 401 menta.
524 360 698 410 Quibus
741 359 807 399 sic
847 359 997 409 gestis
1042 370 1165 399 nona
1210 358 1281 398 die
1327 358 1502 398 mensis
1547 356 1822 399 Novembris
1868 359 2062 409 predicti

288 432 399 472 <lata
432 431 518 471 suit
552 430 746 481 quedam
783 432 1004 481 requesta
1038 430 1185 470 eidem
1220 430 1260 470 d.
1295 441 1337 469 n.
1363 440 1479 480 pape
1503 441 1559 469 ex
1583 431 1715 480 parte
1740 430 1848 471 dicti
1874 430 1914 471 (l.
1940 431 2062 481 regis

288 502 556 551 Aragonum
592 501 635 540 in
671 501 869 551 quadam
896 500 1057 541 cedula
1081 501 1369 541 continencie
1394 499 1749 551 subsequentis:
1784 501 2064 542 Beatissimo

289 575 423 623 pater
447 603 454 611 .
481 603 488 611 .
515 603 522 611 .
557 571 669 612 Cum
693 571 936 621 negocium
972 571 1306 622 extirpacionis
1341 570 1611 611 schismatis
1636 571 1790 612 divino
1820 572 1994 622 pariter
2017 574 2064 613 et

287 638 544 694 humano.¹)
567 642 624 682 Et
648 642 822 682 similes
847 642 1178 693 requisiciones
1203 642 1328 682 facte
1352 640 1537 681 fuerunt
1565 654 1646 692 pro
1668 645 1800 693 parte
1822 643 2063 683 serenissi-

288 725 468 754 morum
505 713 706 753 Castelle
739 716 786 753 et
820 713 1028 754 Navarre
1063 725 1222 764 regum
1259 725 1312 753 ac
1347 712 1698 763 magnificorum
1734 713 1938 754 virorum
1980 714 2063 754 Ar-

288 784 487 825 maniaci
521 786 567 825 et
602 784 715 824 Fuxi
751 784 987 825 comitum.
1044 784 1124 824 (*ui
1159 784 1341 835 quidem
1376 783 1671 834 requisicioni
1705 783 1823 823 idem
1850 784 2064 824 dominus

288 857 452 895 noster
484 855 740 906 respondit,
775 856 826 895 ut
858 857 1003 905 patet,
1038 855 1081 894 in
1117 855 1317 905 quadam
1344 854 1505 894 cedula
1529 854 1675 894 eidem
1702 854 1741 894 d.
1766 855 1860 904 regi
1887 854 2064 905 Arago-

288 938 396 966 num
431 925 706 966 duodecima
739 926 961 977 sepedicti
995 926 1170 966 mensis
1204 924 1494 976 Novembris7
1528 927 1580 965 ut
1604 927 1793 965 constat
1820 938 1899 976 per
1922 926 2065 977 publi-

290 1009 392 1037 cum
427 997 805 1047 instrumentum7
840 996 1060 1047 exhibita,
1097 996 1226 1037 cuius
1261 998 1396 1036 tenor
1429 997 1503 1036 est
1538 996 1671 1036 talis:

408 1068 466 1108 Ut
499 1070 722 1118 appareat
761 1068 937 1108 veritas
974 1100 981 1108 .
1018 1100 1025 1107 .
1062 1099 1069 1107 .
1105 1063 1485 1118 consequenda..‘-')
1547 1067 1592 1106 F.
1628 1067 1814 1108 Rovira.

409 1139 628 1179 Preterea
661 1138 808 1178 eidem
845 1139 885 1178 d.
921 1150 962 1178 n.
999 1150 1115 1189 pape
1151 1150 1230 1188 per
1272 1138 1528 1188 fidedignas
1576 1147 1803 1188 personas
1848 1139 2065 1179 intimato

289 1213 336 1250 et
370 1211 570 1259 asserto,
605 1209 725 1260 quod
760 1209 802 1249 in
838 1209 962 1250 dicta
996 1209 1104 1249 villa
1128 1209 1388 1259 Perpiniani
1413 1211 1522 1259 post
1545 1220 1783 1249 recessum
1810 1210 1919 1251 dicti
1943 1210 2066 1260 regis

290 1281 607 1321 Romanorum
643 1280 741 1320 sine
776 1292 973 1330 persone
1008 1292 1090 1320 sue
1124 1280 1327 1331 periculo
1360 1291 1451 1320 non
1488 1282 1671 1330 poterat
1708 1292 1962 1331 remanere,
1997 1293 2066 1320 re-

291 1363 427 1391 cessu
462 1363 546 1391 suo
580 1350 727 1391 eidem
763 1351 802 1390 d.
837 1351 932 1401 regi
968 1351 1238 1401 Aragonum
1274 1361 1354 1401 per
1386 1350 1669 1390 reverendos
1694 1352 1853 1401 patres
1879 1351 2064 1392 Petrum

290 1422 688 1472 archiepiscopum
726 1421 1140 1472 Terraconensem,
1176 1421 1436 1461 Alffonsum
1473 1421 1742 1471 episcopum
1776 1421 2063 1462 Palentinum

289 1495 337 1533 et
380 1492 559 1533 nobiles
605 1492 731 1532 viros
767 1491 1013 1533 (leraldum
1058 1493 1113 1532 de
1148 1491 1444 1542 (⁷¹ervelli0ne,
1489 1492 1819 1542 Berengarium
1868 1492 1922 1532 de
1956 1492 2067 1532 Bar-

290 1565 458 1605 daxino
493 1566 540 1604 et
572 1563 796 1603 Didacum
823 1563 1097 1604 Ferdinandi
1133 1563 1187 1603 de
1212 1563 1421 1603 Vadiello
1456 1575 1538 1603 sue
1563 1563 1835 1603 sanctitatis
1860 1575 1915 1602 ex
1936 1565 2068 1613 parte

289 1636 514 1686 perantea
548 1634 764 1675 intimato
804 1634 875 1674 die
915 1634 1027 1674 Xlll.
1062 1634 1172 1675 dicti
1213 1634 1388 1674 mensis
1424 1633 1700 1674 Novembris
1742 1634 1865 1674 circa
1904 1634 2065 1674 horam

291 1706 542 1746 terciarum
593 1706 724 1745 tento
768 1716 848 1755 per
893 1717 996 1745 eum
1035 1705 1250 1755 primitus
1298 1705 1580 1745 consistorio
1626 1707 1671 1744 et
1707 1707 1893 1745 mutata
1940 1704 2067 1744 curia

293 1776 560 1826 solenniter,
608 1778 659 1816 ut
705 1778 779 1816 est
828 1776 986 1826 moris,
1036 1789 1061 1816 a
1109 1776 1234 1817 dicta
1280 1776 1387 1816 villa
1434 1776 1693 1826 Perpiniani
1744 1775 1966 1816 recedens
2013 1775 2069 1815 ad

292 1848 442 1888 locum
490 1846 800 1897 Quoquiliberi
849 1859 951 1887 cum
999 1847 1404 1887 reverendissimis
1451 1847 1493 1886 in
1542 1846 1728 1887 t'hristo
1763 1846 1976 1897 patribus
2023 1849 2067 1886 et

292 1918 491 1959 dominis
525 1920 830 1958 sacrosancte
864 1917 1073 1958 Romane
1107 1918 1302 1958 ecclesie
1337 1917 1648 1958 cardinalibus
1691 1930 1743 1958 ac
1785 1918 1977 1968 prelatis
2023 1920 2066 1957 et

293 1988 575 2030 notabilibus
611 1988 712 2028 aliis
746 1988 905 2029 multis
940 1988 1152 2039 personis
1187 1988 1349 2029 eadem
1384 1988 1455 2028 die
1491 2000 1541 2027 se
1575 1988 1833 2029 transtulit.

411 2059 583 2100 Deinde
617 2059 688 2099 die
721 2058 854 2100 Xllll.
896 2060 1119 2110 sepedicti
1160 2060 1337 2100 mensis
1378 2058 1654 2099 Novembris
1700 2059 1743 2099 in
1791 2059 1916 2099 dicta
1963 2059 2071 2100 villa

295 2129 568 2181 Poquiliberi
603 2129 687 2170 fuit
723 2130 869 2171 eidem
895 2130 936 2170 d.
960 2142 1002 2170 n.
1039 2143 1154 2181 pape
1179 2143 1233 2171 ex
1262 2132 1396 2181 parte
1425 2130 1534 2170 dicti
1565 2130 1851 2170 serenissimi
1883 2130 1922 2170 d.
1948 2130 2070 2180 regis

294 2201 565 2250 Aragonum
590 2203 865 2250 presentata
884 2201 1079 2252 quedam
1106 2202 1429 2253 requisicionis
1449 2204 1496 2241 et
1522 2202 1885 2251 protestacionis
1911 2202 2072 2242 cedula

294 2272 471 2312 tenoris
506 2272 771 2321 sequentis:

414 2341 694 2382 Beatissime
717 2344 864 2393 pater.
901 2342 1239 2392 Supplicacioni
1269 2345 1314 2383 et
1346 2342 1640 2393 requisicioni
1666 2342 1806 2382 factis
1831 2345 1877 2383 et.
1902 2343 2071 2384 oblatis

295 2414 366 2453 die
399 2425 522 2453 nona
545 2413 778 2464 presentis
803 2413 977 2453 mensis
1015 2445 1021 2452 .
1059 2446 1065 2453 .
1103 2446 1110 2453 .
1146 2416 1192 2453 et
1227 2414 1419 2453 alterius
1444 2413 1663 2454 cuiusvis.
1719 2413 1888 2454 Paulus
1920 2425 2071 2454 secre-

296 2480 498 2535 tarius.3)
539 2484 596 2524 Et
631 2484 805 2523 similes
830 2484 1163 2534 requisiciones
1199 2484 1323 2525 facte
1357 2484 1545 2524 suerunt
1575 2496 1657 2535 pro
1682 2486 1815 2535 parte
1839 2484 2069 2525 dictorum

297 2554 498 2595 Castelle
532 2557 577 2594 et
614 2554 823 2595 Navarre
856 2566 1014 2605 regum
1052 2558 1095 2595 et
1133 2555 1318 2595 comitis
1354 2555 1517 2606 Fuxi.‘¹)

416 2625 497 2665 Cui
531 2624 712 2676 quidem
750 2625 1072 2676 requisicionis
1111 2628 1157 2666 et
1191 2625 1558 2676 protestacionis
1602 2625 1760 2666 cedule
1800 2625 1917 2665 idem
1954 2625 1994 2665 d.
2029 2637 2070 2665 n.

298 2708 419 2746 papa
452 2696 522 2736 die
554 2695 671 2736 XVI.
706 2695 899 2746 predicti
934 2696 1109 2736 mensis
1133 2696 1410 2736 Novembris
1444 2696 1487 2736 in
1511 2696 1646 2746 galea
1681 2708 1765 2736 sua
1789 2696 1902 2736 etin
1929 2696 2071 2735 Portu

300 2766 492 2806 Veneris
527 2767 658 2807 iuxta
697 2766 869 2807 dictam
912 2767 1064 2807 villam
1102 2766 1377 2817 Coquili'oeri
1420 2761 1678 2819 existensb)
1723 2767 1976 2817 respondit,
2023 2769 2069 2806 ut

418 2904 449 2936 a)
472 2903 509 2929 Et
533 2903 661 2929 similes
682 2922 688 2929 .
709 2922 715 2929 .
736 2922 742 2929 .
781 2903 861 2928 Fuxi
883 2903 964 2937 fphlt
987 2903 1014 2928 (’.
1056 2903 1087 2937 b)
1108 2903 1183 2936 Ipso
1206 2903 1294 2929 inter
1316 2903 1448 2936 galeam
1470 2911 1563 2929 suam
1586 2922 1592 2929 .
1613 2923 1619 2929 .
1640 2923 1646 2929 .
1667 2903 1835 2929 existente
1858 2902 1886 2929 (ζ’.

421 2964 444 3005 ¹)
472 2964 606 2998 Har-dt
631 2964 677 2997 II
699 2965 770 2997 492
786 2964 848 3006 ff.;
875 2965 1008 2998 illmesi
1036 2965 1191 2998 XXVII
1214 2966 1308 2998 1092
1323 2966 1374 3008 f.;
1400 2964 1579 2999 ern-alent
1607 2964 1783 2999 XXVIII
1803 2965 1882 2998 226.

418 3022 445 3063 ἶ)
472 3023 604 3057 Hardt
631 3024 676 3056 II
698 3025 768 3056 494
785 3025 843 3066 ff.;
870 3023 1004 3057 Mans-l
1031 3023 1209 3057 XXVIII
1231 3024 1302 3057 227
1318 3025 1356 3067 ff.

419 3080 446 3116 ³)
474 3082 606 3116 Ilm-dt
632 3082 677 3115 II
700 3083 768 3115 500
794 3084 854 3125 ff.:
886 3082 1019 3116 Mansi
1046 3083 1202 3117 XXl'II
1224 3084 1317 3116 1093
1334 3083 1393 3125 ff.:
1425 3083 1603 3116 erwc'ilmet
1636 3082 1768 3116 Illrmsi
1792 3083 1965 3117 XXVIII
1992 3083 2072 3116 230.
