2178 3404
67 155 109 191 D.
162 155 231 191 Die
257 153 561 190 Gesandtschal't
591 155 635 188 K.
665 152 904 187 Ferdinands
937 164 985 186 an
1015 153 1057 186 K.
1086 150 1308 191 Sigismnnd
1340 150 1416 185 und
1445 150 1695 185 Frankreicli.
1754 142 1838 182 ὖζῖἷ)

184 265 503 307 Illustrissimo
557 263 750 314 principi
804 263 988 303 domino
1043 262 1094 302 A.
1144 262 1452 312 primogenito
1499 261 1733 311 Aragonie
1785 273 1838 301 ac

65 337 257 388 principi
291 335 517 377 Gerunde.

181 429 255 462 Am
279 428 337 462 26.
363 427 476 461 Ms'irz
501 427 674 461 berichtet
701 426 770 460 der
791 424 1100 467 (la-(Icusgycncral
1126 424 1217 457 iiber
1242 424 1345 457 scine
1371 423 1549 457 Aadicu:
1575 423 1668 457 heim
1692 423 1839 465 Hcrzoq

63 499 138 523 von
164 488 289 531 Berry
316 497 372 521 cm
397 486 444 520 K.
471 486 730 520 Ferclimmcl:

181 574 378 615 Domino
426 572 529 613 duci
574 571 748 613 Biturie
797 572 978 612 secrete
1024 568 1219 619 exposui
1265 567 1401 609 michi
1447 567 1715 618 commissa,
1763 567 1837 617 qui

63 657 283 696 magnum
307 644 524 695 gaudium
545 643 751 684 ostendit
776 642 935 682 audita
954 639 1214 690 affectione7
1235 651 1373 689 quam
1393 640 1555 678 vestra
1575 638 1836 678 dominacio

63 716 183 765 gerit
217 715 275 756 ad
307 715 496 755 domum
530 716 577 755 et
611 714 669 754 ad
702 724 892 763 regnum
928 710 1123 753 Francie
1157 712 1201 751 et
1237 709 1365 761 dixit,
1401 709 1523 760 quod
1557 709 1611 749 de
1655 709 1837 750 sincera

63 786 326 827 intencione
359 787 408 826 et
440 797 610 844 inagna,
644 785 901 835 dilectionet
936 794 1074 835 quam
1108 796 1194 825 vos
1240 784 1424 825 habetis
1471 784 1528 824 ad
1572 782 1743 823 bonum
1791 784 1835 822 et

63 858 284 897 honorem
321 856 487 897 domus
520 856 727 906 Francie‚
761 855 859 906 ipse
892 867 984 895 non
1019 854 1276 895 dubitabat.
1327 855 1693 904 Verumptamen
1723 853 1838 892 bene

64 928 219 979 sencii‚
254 927 376 978 quod
414 929 651 968 tractatus
696 926 981 966 matrimonii
1025 925 1114 966 filie
1165 928 1321 965 vestre
1371 937 1471 966 cum
1521 936 1630 974 rege
1675 923 1838 973 Anglie

64 999 150 1039 sibi
183 1001 230 1039 et
263 998 365 1038 aliis
389 997 587 1038 dominis
612 996 802 1037 Francie
827 996 1142 1047 displicuerat.
1208 995 1425 1035 Prefatus
1452 995 1642 1045 insuper
1675 995 1715 1034 d.
1747 994 1837 1034 dux

64 1069 180 1109 dixit
211 1069 363 1120 michi,
398 1068 520 1119 quod
554 1068 811 1118 imperator
845 1066 1083 1107 tractabat
1119 1078 1280 1117 pacem
1315 1067 1437 1106 inter
1465 1077 1621 1116 regem
1646 1065 1839 1105 Francie

63 1142 111 1180 et
143 1151 299 1190 regem
340 1138 503 1189 Anglie
546 1150 626 1188 per
668 1139 869 1178 medium
913 1138 1197 1178 matrimonii
1240 1138 1363 1177 inter
1404 1148 1562 1187 regem
1598 1135 1759 1186 Anglie
1793 1138 1837 1175 et

62 1211 201 1251 filiam
236 1211 360 1261 regis
394 1210 587 1250 Francie
621 1212 665 1249 et
702 1209 822 1260 quod
847 1209 1000 1249 dictus
1024 1209 1280 1259 imperator
1313 1210 1415 1248 erat
1442 1207 1638 1247 multum
1665 1206 1721 1246 ad
1752 1206 1836 1246 hoc

63 1281 263 1322 affectus
296 1282 488 1331 propter
519 1280 691 1320 bonum
725 1280 854 1330 pacis
897 1282 944 1320 et
978 1279 1098 1330 quod
1142 1279 1269 1319 istud
1314 1278 1531 1319 veniebat
1577 1278 1622 1317 in
1668 1289 1837 1327 magna

62 1354 195 1404 parte
241 1352 299 1392 ad
342 1353 610 1402 requestam
657 1350 971 1401 Anglicorum.
1048 1350 1171 1390 Idem
1221 1349 1261 1390 d.
1306 1349 1397 1389 dux
1442 1349 1487 1389 in
1536 1347 1691 1389 verbis
1742 1348 1837 1387 suis

63 1422 357 1473 ostendebat,
392 1422 513 1473 quod
548 1422 741 1462 multum
779 1420 1072 1462 afficiebatur
1117 1421 1174 1461 ad
1208 1420 1575 1460 dominacionem
1613 1421 1836 1459 vestram.

64 1493 121 1534 Et
153 1494 197 1534 in
231 1493 333 1544 fine,
368 1506 471 1534 cum
505 1505 591 1543 ego
628 1492 711 1532 sibi
737 1492 952 1542 ‹licereim
981 1492 1103 1543 quod
1129 1494 1286 1532 vestre
1311 1490 1621 1531 dominacioni
1645 1490 1791 1529 eciam
1807 1491 1839 1539 ²²)

64 1565 134 1605 sui
179 1576 235 1605 ex
280 1566 414 1615 parte
460 1563 731 1613 salutarem,
780 1563 878 1613 ipse
930 1563 1092 1603 statim
1137 1562 1401 1603 subiunxit:
1447 1562 1632 1611 Ymmo,
1678 1560 1837 1610 inquit,

62 1634 501 1677 recommendabitis
547 1646 620 1674 me
664 1634 762 1674 sibi.
827 1634 1054 1674 Dominus
1100 1645 1182 1673 rex
1229 1633 1512 1673 Francorum
1559 1643 1651 1672 non
1696 1630 1835 1671 habet

61 1706 216 1757 filium,
251 1706 357 1757 quin
392 1706 454 1745 sit
487 1708 730 1745 uxoratus,
795 1705 991 1744 Domino
1028 1704 1186 1745 comiti
1222 1703 1490 1743 Armaniaci
1524 1704 1569 1742 et
1606 1702 1721 1752 aliis,
1762 1701 1835 1752 qui

62 1779 173 1818 sunt
205 1779 353 1827 extra,
385 1788 478 1816 non
512 1775 643 1816 affuit
680 1775 893 1825 loquendi
928 1774 1145 1814 facultas.
1211 1774 1257 1814 ln
1292 1785 1400 1823 rege
1443 1785 1600 1823 regum
1650 1771 1836 1812 Christo

59 1847 205 1888 dhesu
240 1847 395 1888 valeat
431 1849 592 1886 vestra
624 1846 751 1895 regia
788 1848 1031 1895 magestas
1064 1845 1109 1884 in
1144 1856 1295 1885 evum.
1361 1843 1593 1894 Scriptum
1630 1842 1836 1883 Parisius

62 1917 222 1957 XXVI.
257 1917 428 1958 Marcii.

61 2094 181 2147 (226)
210 2095 296 2136 Die
335 2094 610 2136 Universztmt
643 2094 784 2135 Paris
816 2106 876 2134 (m
914 2093 967 2134 K.
1000 2092 1301 2133 Femlmesmd:
1333 2091 1424 2133 Lol)
1458 2091 1606 2131 seinos
1646 2089 1837 2129 snmus-

210 2166 371 2219 cifcr8;
415 2165 538 2207 Tro-sl
570 2166 713 2206 amc-72
758 2166 853 2206 sein
890 2162 1158 2214 §chremem
1199 2162 1570 2216 Aufforslcruny,
1614 2162 1707 2213 (ms
1734 2161 1832 2200 (lem

217 2235 508 2289 Unionswegye
540 2249 593 2277 zu
629 2235 864 2277 belum-en.
931 2234 1092 2278 (Paris
1125 2232 1258 2283 1416)
1292 2232 1430 2285 April
1462 2234 1500 2273 6⁴.

180 2327 412 2369 Βαναῖον-(ι,
440 2327 702 2362 Κνουανρῖιῖυ.
734 2328 793 2362 (L‘r.
822 2328 917 2370 Pap.

180 2412 400 2463 Princeps
434 2413 763 2463 illustrissiiliffi
797 2424 876 2451 rex
902 2411 1190 2460 armipotens
1224 2412 1268 2449 et
1294 2409 1490 2449 famose.
1555 2407 1696 2458 Regie
1728 2407 1835 2447 soli-

62 2483 278 2523 citudinis
321 2485 501 2533 partem
543 2485 682 2533 atque
728 2482 997 2522 devocionis
1043 2481 1248 2520 debitum
1293 2479 1490 2519 fideliter
1524 2477 1834 2529 persolvistis,

63 2565 165 2593 cum
200 2554 354 2593 omnia
387 2556 549 2593 vestra
583 2553 809 2593 maiestas
845 2552 1053 2592 suaviter
1080 2551 1123 2590 in
1157 2562 1271 2601 pace
1300 2549 1527 2600 disposuit
1564 2551 1608 2588 et
1644 2548 1688 2588 in
1720 2548 1834 2588 cari-

63 2626 162 2663 tate
196 2626 473 2674 preparatos
498 2623 678 2664 animos
703 2623 947 2672 concUpIte
972 2633 1157 2672 semper
1179 2621 1376 2661 unitatis
1411 2620 1533 2660 dedit
1560 2631 1665 2659 esse
1698 2631 1834 2668 capa-

63 2705 140 2735 ces
165 2725 173 2734 .
199 2725 207 2734 .
233 2725 241 2734 .
278 2694 390 2734 Nam
415 2694 598 2734 litteras
622 2696 810 2733 vestras
845 2693 1079 2743 sapiencia
1103 2692 1280 2742 pariter
1311 2694 1355 2731 et
1392 2690 1660 2741 eloquencia
1693 2689 1834 2729 melli-

61 2763 180 2820 fluas
204 2764 310 2804 dum
327 2764 496 2815 gaudio
523 2764 764 2814 suspensis
790 2763 955 2803 animis
974 2762 1269 2813 perlegimus,
1294 2762 1403 2802 exiit
1430 2762 1570 2801 timor
1594 2759 1834 2811 precordia

63 2836 201 2885 atque
234 2847 365 2875 mens
399 2835 443 2874 in
477 2834 777 2875 valitudinem
814 2832 1092 2883 assurgebat
1248 2833 1315 2872 lte
1348 2832 1489 2882 igitur
1522 2832 1660 2881 viam7
1695 2841 1832 2880 quam

61 2905 286 2946 Dominus
321 2905 527 2946 ostendit
550 2903 682 2946 vobis
717 2906 763 2944 et
786 2915 981 2954 gressus
1005 2903 1189 2954 dirigat,
1223 2903 1297 2953 qui
1331 2902 1515 2953 incepit,
1550 2904 1689 2951 atque
1713 2900 1831 2940 idem

181 3065 212 3099 a)
237 3064 287 3093 Or.
309 3067 343 3091 et
365 3072 449 3091 eam.

1562 3109 1618 3149 34

134 3135 277 3169 Finke,
297 3137 383 3162 Acta
405 3135 536 3162 concilii
559 3134 836 3161 Constaneiensis
858 3133 910 3159 111.
