2178 3404
274 127 358 168 642
582 136 643 169 JV.
672 134 890 168 Absrlmitt.
945 135 1019 166 Der
1046 132 1374 174 Schristonoyclus
1407 143 1473 166 zur
1500 130 1736 175 Papstwalil.

274 247 451 297 peribit.
503 244 619 294 Quia
643 256 748 285 raro
763 245 794 295 ²¹)
819 243 954 294 aliqui
981 243 1209 293 principes
1235 243 1502 293 spirituales
1527 243 1598 283 vel
1623 246 1859 287 seculares
1884 247 2046 289 favent

272 317 477 367 imperio,
513 327 696 365 semper
729 315 848 354 enim
886 315 1142 354 timuerunt
1175 316 1222 354 et
1254 314 1434 365 timent,
1470 315 1589 365 quod
1629 315 1666 354 si
1711 319 1876 366 potens
1916 322 2043 359 esset

272 388 527 438 imperium„
553 386 673 436 quod
698 386 783 436 ipsi
809 385 878 425 vel
905 396 1208 425 successores
1227 385 1433 435 ipsorum
1460 386 1702 435 tyrannice
1726 387 2047 437 redigerentur

273 459 315 498 in
362 458 639 498 servitutem
689 458 736 495 et
783 455 839 495 ad
888 455 1182 505 importabile
1230 457 1509 503 cogerentur
1553 456 1793 508 tributum,
1848 460 1895 498 et
1940 460 2046 509 quia

271 529 360 568 iste
413 528 554 568 timor
607 538 791 576 semper
844 526 887 565 in
946 526 1116 566 mundo
1169 527 1272 566 erat
1328 525 1596 566 interiorum
1665 530 1830 568 contra
1884 524 2047 579 suosb)

272 599 536 649 superiores
561 598 659 638 sine
684 597 887 648 presenti
912 596 983 636 vel
1008 596 1184 636 meliori
1210 596 1429 648 remedio,
1453 597 1554 637 ideo
1579 597 1777 638 mundus
1808 610 2040 649 nunquam

273 670 435 709 habuit
469 669 543 708 diu
579 680 739 719 pacem
776 670 822 708 et
856 667 1085 708 modicam
1122 668 1355 708 iusticiam
1392 679 1471 718 per
1495 668 1734 718 imperium
1763 672 2046 711 consecutus

272 742 346 780 est
379 742 426 779 et
459 740 579 780 vicia
614 750 799 789 semper
832 750 972 788 super
1005 738 1206 778 virtutes
1242 738 1617 787 dominabantur7
1653 739 1776 779 sicut
1821 741 1868 779 et
1913 740 2047 780 hodie

273 811 585 851 dominantur.
672 810 782 848 (¹um
837 809 955 848 euim
1010 809 1240 859 principes
1293 811 1340 848 et
1386 810 1750 849 communitates
1797 821 1847 849 se
1894 811 2048 851 sciunt

272 893 479 930 securos7
526 881 647 931 quod
696 880 955 920 libertatem
1005 892 1137 920 suam
1184 880 1385 920 retinere
1432 882 1632 930 possunt
1677 882 1725 919 et
1770 892 1850 930 per
1894 880 2049 931 iniqua

274 952 442 992 iudicia
475 953 522 991 et
556 951 694 1001 longa
718 951 884 991 iudicia
910 963 962 990 ac
989 962 1068 1000 per
1093 951 1339 990 violentias
1364 963 1453 990 non
1479 952 1716 1002 supprimi7
1742 953 1823 992 sed
1854 953 2002 1002 magis
2020 954 2048 1001 ⁹)

273 1035 299 1063 a
341 1024 508 1063 sancto
558 1024 730 1072 papatu
777 1023 823 1061 et
869 1034 895 1061 a
943 1033 1079 1061 sacro
1129 1021 1320 1071 imperio
1367 1021 1562 1072 defendi,
1605 1022 1754 1072 ipsum
1803 1024 1850 1062 et
1896 1025 2046 1063 totum

272 1105 418 1143 genus
452 1093 701 1133 humanum
738 1092 912 1139 gaudet
946 1094 991 1131 et
1028 1092 1223 1131 libenter
1257 1092 1405 1131 servit
1439 1094 1485 1131 et
1510 1092 1768 1133 contribuet
1809 1093 1865 1133 ad
1897 1094 2048 1133 sancti

273 1165 474 1214 papatus
508 1165 550 1202 et
589 1163 708 1203 sacri
744 1163 921 1213 imperii
948 1162 1335 1203 reformacionem
1362 1165 1409 1202 et
1434 1163 1648 1203 salutem.
1715 1164 1770 1204 Et
1795 1164 1849 1204 de
1874 1166 2048 1214 quanto

272 1234 359 1274 illis
393 1234 458 1274 sic
493 1234 655 1273 electis
691 1234 1003 1274 cardinalibus
1044 1246 1160 1284 pape
1195 1236 1239 1273 et
1283 1234 1560 1274 conciliariis
1596 1234 1893 1284 imperatmis
1929 1235 2048 1275 ordi-

272 1304 459 1344 nabitur
492 1304 640 1344 maior
675 1304 906 1344 securitas
941 1306 988 1343 et
1020 1304 1226 1355 libertas,
1270 1304 1324 1344 de
1364 1306 1498 1344 tanto
1533 1305 1683 1355 magis
1727 1305 2051 1346 sanctificatur

275 1377 474 1425 papatus
509 1370 595 1423 ina)
629 1387 790 1414 ozmies
825 1375 981 1414 mundi
1016 1375 1237 1414 naciones
1273 1377 1319 1415 et
1354 1377 1553 1424 augetur
1586 1387 1771 1416 sacrum
1806 1376 2049 1426 imperium

273 1448 321 1486 et
354 1446 687 1485 sanctissimus
723 1458 842 1495 papa
877 1447 924 1485 et
967 1446 1321 1486 sacratissimus
1364 1446 1619 1496 imperator
1659 1446 1817 1486 vivere
1852 1448 2051 1497 possunt

274 1516 448 1567 absque
482 1516 665 1566 magnis
701 1516 824 1556 curis
849 1518 896 1555 et
930 1517 1090 1566 paucis
1126 1516 1360 1556 laboribus
1386 1518 1434 1556 et
1464 1516 1661 1556 feliciter
1689 1518 1837 1558 totius
1869 1518 2051 1558 christi-

275 1588 467 1627 anitatis
502 1589 546 1626 et
582 1587 723 1626 etiam
759 1587 911 1627 tocius
946 1588 1129 1637 generis
1168 1587 1355 1627 humani
1391 1587 1574 1637 singula
1613 1587 1735 1628 bona
1767 1586 1973 1639 regentf)
2006 1590 2053 1628 et

275 1658 536 1698 defendent.
602 1658 797 1697 Videtur
831 1670 955 1707 ergo
991 1658 1112 1708 quod
1146 1658 1319 1698 eisdem
1357 1658 1635 1699 conciliariis
1671 1659 1957 1709 assignanda
1991 1658 2053 1698 sit

276 1729 469 1779 quedam
507 1728 766 1768 fortissima
809 1731 856 1768 et
890 1729 1191 1779 apertissima
1226 1729 1394 1769 civitas
1441 1729 1691 1779 imperialis
1746 1731 1824 1769 aut
1873 1729 1961 1769 alia
2008 1729 2051 1768 in

276 1800 426 1840 medio
451 1800 627 1850 imperii
655 1800 722 1839 vel
759 1800 1017 1851 propinqua
1052 1800 1171 1850 apud
1197 1801 1560 1840 communiorem
1592 1800 1933 1840 habitacionem
1970 1800 2052 1838 im-

279 1871 524 1921 peratoris7
570 1882 649 1920 per
694 1883 831 1920 quam
871 1871 1110 1911 civitatem
1160 1871 1353 1921 predicti
1401 1871 1651 1911 conciliarii
1702 1871 2050 1911 securissimam

277 1943 473 1991 possunt
509 1941 680 1981 habere
715 1940 1048 1992 defensionem7
1084 1942 1315 1981 liberrime
1349 1942 1501 1981 (lando
1543 1941 1813 1991 imperatori
1860 1941 2054 1981 concilia

278 2012 460 2051 salutis.
529 2012 579 2051 Et
617 2012 739 2062 quod
773 2013 866 2052 ista
901 2013 1070 2053 civitas
1105 2013 1256 2064 possit
1289 2013 1459 2052 mutari
1486 2013 1737 2052 secundum
1765 2012 2051 2062 exigens—iam

276 2083 478 2123 racionis
513 2083 642 2122 iuxta
678 2083 966 2123 voluntatem
1004 2084 1302 2134 imperatoris
1327 2086 1370 2122 et
1408 2084 1597 2123 maioris
1625 2083 1769 2133 partis
1799 2083 2049 2123 eorundem

277 2153 662 2204 conciliariorum⁷
698 2153 818 2193 sicut
853 2155 1022 2194 mutari
1059 2154 1304 2195 consuevit
1339 2154 1466 2194 curia
1500 2150 1764 2205 Romana.¹)

393 2224 459 2263 De
495 2224 619 2264 brevi
654 2224 772 2264 felici
808 2224 896 2264 fine
930 2225 1163 2274 presentis
1198 2225 1319 2264 sacri
1356 2224 1548 2265 concilii.

395 2294 567 2334 Electis
609 2295 764 2345 itaque
807 2296 917 2335 viris
953 2296 1141 2345 optimis
1184 2296 1336 2335 tocius
1377 2295 1739 2336 christianitatis
1784 2296 1912 2335 iuxta
1947 2295 2053 2335 dos·-

280 2367 431 2405 torum
499 2366 694 2405 ecclesie
749 2368 796 2405 et
850 2378 1090 2406 sacrorum
1158 2378 1384 2406 canonum
1452 2366 1794 2406 avisameutum
1862 2367 2054 2416 predicti

278 2436 537 2476 cardinales
584 2438 632 2476 et
678 2437 927 2477 consiliarii
975 2437 1041 2478 sic
1088 2437 1221 2477 electi
1270 2438 1469 2486 possunt
1509 2437 1694 2477 Flu-isto
1741 2437 1855 2477 duce
1900 2439 2053 2477 totum

277 2507 495 2546 mundum
533 2506 730 2547 feliciter
762 2508 804 2547 in
840 2507 1055 2547 omnibus
1091 2519 1251 2557 regere
1285 2508 1418 2547 simul
1445 2508 1487 2546 in
1523 2519 1613 2547 una
1649 2507 1839 2547 civitate
1873 2509 1920 2547 et
1954 2519 2053 2557 pre-

278 2577 408 2626 cipue
436 2578 479 2616 in
503 2578 589 2618 hac
615 2578 969 2618 constanciensi
997 2578 1053 2617 ad
1078 2580 1263 2628 tempus
1288 2578 1470 2628 aliquod
1497 2578 1631 2617 simul
1656 2578 1883 2629 habitare7
1908 2578 2053 2618 donec

277 2647 332 2686 de
352 2647 555 2687 mixtura
575 2648 908 2688 iurisdictionis
929 2649 1236 2698 spiritualium
1255 2651 1301 2689 et
1319 2649 1643 2699 temporalium
1665 2648 1780 2688 bene
1800 2649 2053 2689 concorda-

278 2718 444 2768 verint7
479 2720 527 2757 et
560 2719 667 2769 quid
701 2719 757 2758 ad
792 2719 936 2759 Deum
973 2721 1021 2758 et
1055 2720 1159 2769 quid
1195 2720 1252 2759 ad
1286 2720 1522 2769 papatum,
1566 2719 1671 2769 quid
1705 2719 1762 2759 ad
1797 2719 2053 2769 imperium,

396 2856 428 2885 a)
455 2855 495 2881 W
514 2864 600 2880 vero.
653 2855 685 2889 b)
715 2856 753 2881 W
771 2855 949 2881 inferiores
981 2858 1096 2881 contra
1130 2855 1331 2888 superiores,
1383 2860 1411 2887 e)
1435 2855 1528 2882 Fehlt
1552 2857 1597 2882 131·
1627 2856 1684 2881 sed
1720 2855 1836 2888 mag-is.
1887 2855 1920 2889 (Ι)
1943 2856 1987 2882 Bt·
2010 2857 2052 2881 et.

278 2904 307 2933 e)
338 2901 375 2926 W
394 2903 525 2933 reg-unt.

400 2962 425 3003 ¹)
458 2963 537 2996 l'ov
565 2963 746 3004 Sequitur
773 2964 828 2996 bis
856 2964 938 2996 hier
963 2964 1144 3003 aeda-'nem
1174 2965 1222 2996 im
1246 2964 1384 2997 Arellio
1410 2964 1481 3006 fiir
1500 2965 1643 2997 Kmede
1669 2966 1800 2997 ais-terr.
1823 2964 2053 2997 Ges-chich&-

279 3021 423 3063 qnelleu
454 3022 535 3054 XI]
558 3023 637 3056 363.
